3109 4859
1219 375 1296 442 -L-
1354 396 1471 463 131
1531 431 1626 444 -ψ

1169 627 1182 648 “
1291 656 1512 721 xxx.

630 798 733 867 De
783 798 1085 887 ancipiti
1131 798 1492 867 vocalium
1544 821 1603 873 α,
1657 820 1691 872 ι,
1743 821 1775 861 υ
1821 820 2186 870 mensura.

560 968 704 1034 Non
754 970 1030 1034 alienum
1076 970 1234 1034 mihi
1280 972 1485 1080 visum
1533 974 1650 1048 est,
1698 993 1838 1054 quae
1887 970 2006 1034 hac
2056 972 2132 1034 de
2182 993 2249 1034 re
2297 973 2465 1055 apu'd

347 1085 759 1151 Theocritum
807 1088 1159 1167 observavi,
1208 1075 1427 1170 paucis
1476 1110 1789 1171 exponere
1838 1088 2068 1152 verbiS.

1381 1280 1439 1319 α.

561 1421 602 1461 α
668 1401 1055 1484 privativum
1121 1402 1223 1465 vel
1293 1389 1684 1486 negativum,
1736 1403 1901 1486 quod
1947 1406 2228 1478 vocatur,
2276 1403 2467 1487 longe
2550 1423 2555 1429 ·

346 1517 695 1600 saepissime
745 1519 937 1581 breve
987 1521 1103 1580 est.
1198 1516 1576 1581 Producitur
1623 1523 1833 1582 autem
1866 1519 2110 1582 initiale
2146 1540 2185 1579 α
2218 1520 2283 1606 in
2316 1520 2495 1583 duo-¹

347 1635 464 1697 bus
510 1633 852 1711 vocabuli8‚
902 1655 1043 1716 quae
1091 1633 1156 1696 in
1205 1656 1455 1697 versum
1504 1635 1825 1717 dactylum
1858 1635 1984 1699 alio
2017 1635 2201 1698 modo
2231 1635 2470 1699 includi

346 1772 467 1812 non
539 1750 813 1832 possint:
886 1732 1200 1818 ἀθάνατος
1245 1750 1632 1832 quindecies,
1683 1737 1999 1833 ἀκάματος
2045 1750 2241 1814 semel
2289 1747 2468 1828 (ἀκά-

348 1885 534 1947 ματον
580 1873 698 1946 πῦρ
746 1863 858 1929 ΧΙ.
910 1867 987 1929 51
1040 1865 1105 1928 in
1154 1866 1329 1928 exitu
1377 1887 1629 1942 versus3
1681 1866 1901 1929 eadem
1941 1868 2139 1931 verba
2168 1867 2470 1952 leguntur

347 1980 533 2045 Hom.
584 1980 701 2045 Od.
738 1979 923 2045 XXI.
979 1983 1096 2044 181
1151 1982 1218 2044 in
1266 1981 1485 2045 eadem
1534 2003 1752 2045 versus
1800 1982 1997 2063 sede).

561 2096 1022 2181 Copulativum‚
1094 2098 1258 2180 quod
1329 2098 1567 2176 dicunt,
1631 2118 1672 2158 α
1738 2098 1972 2181 ubique
2022 2100 2212 2164 breve
2262 2103 2470 2163 exstat

347 2213 411 2276 in
447 2209 641 2306 dmm,
692 2210 1010 2297 ἀδελφεός,
1075 2210 1364 2299 ἀδελφεή,
1416 2211 1667 2297 ἄλοχος,
1718 2208 1865 2298 ἅμα.
1960 2213 2058 2277 De
2108 2215 2468 2298 copulativo

355 2351 395 2390 α
465 2330 789 2412 disputant
838 2329 1091 2393 Curtius
1138 2330 1179 2393 1.
1230 2352 1284 2394 c.
1334 2332 1482 2410 323,
1532 2332 1683 2409 392,
1735 2331 1882 2409 685,
1935 2330 2054 2394 741
2111 2335 2174 2393 et
2222 2330 2468 2394 Clemm
2580 2425 2589 2428 μ

352 2445 394 2510 l.
444 2466 496 2508 c.
548 2448 836 2511 90—94.

558 2561 923 2625 Prothetico
992 2562 1264 2644 denique
1340 2583 1379 2622 α
1443 2562 1707 2646 ancipiti
1754 2585 1905 2625 usus
1954 2567 2049 2625 est
2094 2561 2467 2626 Theocritus

346 2677 412 2741 in
458 2676 556 2741 his
603 2678 895 2742 vocibus:

558 2787 771 2855 ἀείδω
844 2793 1231 2876 plerumque¹
1288 2795 1475 2858 breve
1546 2799 1645 2857 est
1713 2815 1773 2873 α,
1836 2796 2208 2878 producitur
2254 2798 2467 2860 autem

343 2910 407 2973 in
479 2907 628 2974 VII.
699 2911 778 2973 41
870 2905 1083 2970 ἀείδων
1154 2908 1346 2991 (thesi
1417 2907 1494 2991 I),
1579 2909 1751 2974 XVI.
1840 2914 1879 2976 3
1950 2907 2204 2972 ἀείδοντι
2272 2911 2467 2989 (thesi

344 3025 452 3107 V),
525 3027 564 3090 4
626 3022 919 3108 ἀείδωμεν
968 3025 1161 3103 (thesi
1207 3024 1316 3108 V),
1363 3024 1606 3090 XVIII.
1659 3013 1757 3091 36'
1794 3022 2067 3088 ἀείδοισα
2115 3028 2306 3104 (thesi
2354 3024 2465 3105 ΙΙ),

341 3141 580 3208 XXIV.
654 3143 735 3207 75
807 3138 1103 3204 ἀείδοισαι
1168 3141 1360 3218 (thesi
1405 3141 1513 3224 V).
1566 3179 1645 3187 -—·
1698 3139 1903 3212 ἀοιδός
1950 3146 2015 3207 et
2061 3140 2235 3228 ἀοιδή
2284 3165 2467 3207 voces

344 3258 577 3341 ubique
658 3282 694 3321 a
771 3259 948 3322 brevi
1022 3280 1061 3319 α
1129 3258 1479 3341 incipiunt·-
1583 3259 1773 3341 Apud
1854 3259 2201 3323 Homerum
2272 3258 2469 3323 semel

342 3373 592 3437 tantum
639 3374 1008 3457 producitur
1051 3375 1287 3438 vocalis
1333 3374 1597 3438 initialis
1629 3375 1807 3438 verbi
1842 3371 2054 3436 ἁείδωε
2105 3374 2222 3440 Od.
2256 3372 2465 3438 XVII.
2518 3385 2521 3392 '

347 3490 472 3554 519
545 3484 735 3550 ἀείδει
804 3490 871 3552 in
940 3489 1146 3553 fronte
1216 3513 1454 3555 versus,
1548 3490 1645 3553 Dc
1716 3489 1834 3553 hoc
1894 3491 2087 3555 verbo
2132 3492 2229 3554 cfr
2275 3513 2468 3573 supra

343 3628 408 3688 p.
457 3607 562 3670 37.
1337 3595 1338 3598 ¹

557 3718 738 3807 ἀνήρε
789 3720 906 3786 hoc
952 3721 1329 3786 vocabulum
1377 3746 1413 3785 a
1462 3723 1822 3805 copulativo
1872 3744 1911 3782 α
1965 3722 2246 3805 incipere
2280 3726 2463 3805 putat

345 3837 597 3901 Curtius
666 3840 709 3903 1.
780 3860 831 3902 c.
907 3838 1054 3903 307.
1148 3837 1340 3921 Apud
1410 3837 1815 3904 Theocritum
1887 3837 2051 3901 hanc
2109 3861 2244 3901 esse
2292 3841 2465 3902 vocis

343 3973 704 4018 mensuram
775 3937 965 4018 docet*
1021 3952 1297 4037 Rumpel
1341 3955 1385 4018 1.
1437 3976 1488 4019 c.
1540 3955 1658 4019 27:
1709 3940 1863 4038 ἅνήρ.
1907 3955 2263 4038 quinquieS‚
2313 3938 2464 4037 ἀνήρ

340 4073 460 4148 ter,
509 4055 722 4152 ἀνέρος
768 4071 983 4150 semel,
1031 4071 1167 4135 aeol.
1218 4056 1431 4153 ἄνεμος
1478 4072 1694 4147 semel,
1730 4058 1896 4152 ἆνὲρι
1927 4074 2046 4150 ter,
2081 4075 2263 4149 (acc.)
2298 4056 2460 4155 ἀνέρ’
