3109 4859
1558 415 1635 425 -
1686 381 1769 444 42
1821 417 1910 425 ,-

1510 558 1587 624 In
1631 560 1714 625 id.
1764 558 1952 624 XXII

881 724 908 764 ε
958 724 1102 767 cum
1147 725 1278 787 seq.
1328 704 1369 764 ἅ
1415 701 1508 784 (ᾶ)
1555 725 1681 769 non
1729 703 1996 768 coaluit:

879 841 1278 907 Πολοδεὺκεα
1323 868 1424 912 vv.
1474 848 1535 926 2,
1587 847 1691 926 26,
1742 848 1860 922 92;
1933 843 2131 908 ἄνθεα
2175 869 2235 910 v.
2289 848 2393 926 42,
2446 846 2680 932 στήθεα
2724 870 2781 911 v.

668 962 774 1041 46,
844 960 1063 1045 χείλεα
1129 985 1189 1027 v.
1264 963 1367 1040 63,
1438 958 1629 1023 ἕλκεα
1696 984 1756 1028 v.
1830 963 1979 1038 100,
2043 960 2233 1046 ἔγχεα
2278 986 2338 1027 v.
2390 965 2537 1043 172,
2588 960 2784 1047 τεὺχε’

668 1076 944 1160 (τεὸχεα)
991 1101 1051 1143 v.
1103 1080 1264 1156 1823
1315 1076 1494 1160 ἔαρος
1539 1102 1599 1143 v,
1648 1079 1734 1144 43
1782 1077 1909 1158 (De
1958 1076 2067 1161 ἔαρ
2115 1101 2193 1143 ex
2235 1074 2441 1169 Ῑ-’έσαρ
2472 1082 2610 1144 orto
2642 1079 2785 1144 vide
2892 1058 2899 1062 .

667 1192 840 1258 Curt.
911 1193 953 1281 l.
1026 1217 1077 1259 c.
1140 1194 1291 1274 388,
1340 1193 1415 1260 G.
1462 1192 1686 1278 Meyer
1734 1196 1883 1273 222,
1934 1196 2083 1275 240,
2135 1197 2321 1273 326);
2395 1191 2504 1265 ἑάς
2547 1220 2610 1262 v.
2660 1197 2783 1260 147

586 1366 592 1374 .
665 1304 850 1398 (ej-“dc
896 1331 975 1374 ex
1021 1313 1219 1400 oefo'c
1263 1309 1336 1375 G.
1386 1309 1609 1396 Meyer
1657 1312 1833 1388 392).

879 1424 1234 1516 Contractae
1304 1428 1520 1492 tamen
1587 1426 1996 1492 inveniuntur
2067 1429 2139 1489 εᾶ
2205 1428 2456 1493 vocales
2525 1428 2596 1492 in
2657 1428 2785 1513 adj.

668 1534 860 1627 εὐώδη
920 1565 979 1607 v.
1043 1544 1150 1606 42.
1244 1541 1437 1627 Apud
1485 1540 1833 1608 Homerum
1880 1542 1948 1606 in
1994 1546 2199 1608 neutr.
2250 1543 2413 1628 plur.
2462 1544 2787 1609 rarissime

665 1678 740 1719 εα
783 1658 852 1722 in
897 1679 937 1743 η
984 1657 1365 1724 coalescunt.
1692 1635 1698 1640 .

880 1796 994 1847 εαι,
1043 1777 1114 1839 ut
1159 1797 1329 1858 saepe
1377 1776 1544 1859 apud
1594 1775 1806 1856 Hom.,
1853 1799 1981 1840 non
2028 1779 2260 1841 contr.:

876 1892 1131 1968 γνώσεαι
1189 1915 1250 1957 v.
1301 1893 1402 1968 63,
1451 1892 1787 1976 κεκλήσεαι
1832 1916 1890 1958 v.
1944 1894 2047 1958 71.
2141 1891 2251 1957 cfr
2298 1893 2556 1978 Kriiger
2602 1892 2680 1959 Β.
2732 1894 2790 1978 ἓ.

666 2008 770 2087 30,
819 2009 880 2087 3,
932 2008 992 2085 1,
1043 2007 1117 2073 G.
1165 2007 1389 2093 Meyer
1437 2008 1585 2073 156.

875 2193 953 2261 Β.
1049 2217 1077 2256 ε
1125 2218 1267 2260 cum
1317 2218 1458 2280 seq.
1502 2217 1548 2270 ε,
1600 2217 1672 2269 ει,
1720 2217 1779 2281 η.

876 2359 938 2399 εε
1007 2339 1258 2403 vocales
1319 2339 1386 2402 in
1431 2339 1747 2404 severiore
1796 2338 2036 2404 Doride
2083 2340 2151 2404 in
2196 2360 2255 2424 η,
2305 2340 2371 2404 in
2417 2340 2673 2406 mitiore
2724 2343 2795 2407 in

663 2475 717 2514 ει
764 2475 1164 2525 concrescere
1213 2453 1466 2519 Ahrens
1513 2456 1557 2520 1.
1608 2478 1661 2520 c.
1713 2458 1835 2527 201
1889 2478 2065 2540 seqq.
2100 2457 2299 2521 docet.
2395 2455 2645 2522 omisso
2678 2458 2793 2524 illo

661 2570 1273 2665 pronominetvrjvoc,
1324 2572 1399 2636 de
1448 2594 1573 2656 quo
1619 2594 1810 2656 supra
1858 2572 2195 2657 disputavi,
2245 2573 2312 2637 in
2366 2573 2452 2637 id.
2485 2572 2609 2638 XV
2644 2575 2792 2640 nul-

660 2686 793 2750 lum
839 2685 1160 2777 invenitur
1220 2688 1583 2772 exemplum
1630 2710 1690 2750 εε
1737 2689 2049 2754 vocalium
2095 2690 2163 2753 in
2208 2709 2248 2773 η
2295 2691 2790 2755 contractarum.

1538 2855 1612 2920 In
1659 2857 1741 2921 id.
1790 2856 1914 2922 XV

877 3021 930 3061 ει
979 3020 1056 3063 ex
1104 3021 1165 3060 εε
1213 3002 1420 3064 ortum
1466 3001 1651 3064 nobis
1698 3001 1974 3065 occurrit

880 3117 945 3199 1)
992 3116 1058 3179 in
1104 3116 1550 3181 terminatione
1600 3116 1902 3180 infinitivi
1948 3137 2101 3178 -εινε

876 3228 1073 3314 ἕρπειν
1120 3255 1178 3298 v.
1230 3233 1334 3313 26,
1381 3231 1710 3295 καθεῦδειν
1755 3255 1813 3297 v.
1866 3233 1969 3311 28,
2019 3233 2343 3314 παρενθεῖν
2389 3257 2448 3298 v.
2501 3237 2605 3314 60,
2654 3230 2794 3297 ἀεί-

665 3350 783 3411 {tem
831 3372 889 3414 v.
941 3349 1043 3413 96.
1097 3385 1178 3394 —-
1226 3349 1324 3413 De
1371 3349 1673 3413 infinitivi
1719 3348 2164 3412 terminatione
2212 3352 2330 3411 -ειν
2379 3372 2457 3414 ex
2505 3371 2598 3412 εεν
2645 3356 2795 3416 orta

665 3465 919 3530 uberius
989 3464 1472 3549 disputaverunt
1539 3463 1799 3529 Renner
1868 3462 2041 3528 Curt.
2112 3462 2290 3530 Stud.
2353 3462 2450 3529 I:b
2500 3468 2791 3548 32—36,

665 3581 916 3646 Curtius
985 3570 1182 3647 Verb.
1253 3579 1338 3644 H.
1414 3581 1783 3660 118-120,
1861 3580 2227 3661 126-132,
2289 3581 2543 3645 Fritsch
2608 3580 2788 3648 Curt.

665 3698 838 3762 Stud.
887 3696 1000 3763 VI.
1056 3696 1179 3760 124
1227 3718 1380 3780 seq„
1429 3694 1503 3761 G.
1551 3694 1776 3781 Meyer
1823 3697 2192 3774 513--515,
2228 3696 2494 3781 Brugm.
2529 3696 2791 3763 Griech.

665 3814 873 3878 [iram.
925 3816 1029 3879 93.

874 3930 1110 3995 Dorica
1155 3929 1520 3994 terminatio
1568 3948 1662 3991 -εν
1708 3931 1960 3993 servata
2007 3932 2103 3992 est
2147 3929 2217 3992 in
2263 3923 2549 4010 δωρίσδεν
2582 3952 2642 3994 v.
2676 3931 2790 3994 93.

818 4052 824 4058 ’
873 4046 943 4128 2)
990 4044 1056 4112 in
1102 4046 1220 4111 fut.
1270 4046 1400 4111 dor.
1449 4045 1651 4111 med.:
