3109 4859
1584 383 1882 446 ...4,-

668 559 833 644 quod
901 564 1249 627 tractamus
1309 564 1374 626 et
1433 566 1811 647 argumento
1857 565 1922 627 et
1950 561 2387 646 elocutione&
2487 559 2597 627 cfr
2644 560 2788 628 Hil-

668 677 763 741 ler
811 679 962 743 220,

881 793 1137 879 Ziegler
1198 795 1264 859 in
1308 794 1687 879 praefatione
1737 771 2029 859 editionis
2077 791 2162 859 II.
2212 818 2267 860 a.
2323 796 2489 860 1867
2543 796 2788 860 emissae

668 908 791 975 sibi
837 910 1090 975 videtur
1136 911 1450 976 affirmare
1505 933 1688 995 posse
1747 915 2158 995 „apparatum
2207 934 2273 976 se
2321 912 2652 997 collegisse
2699 912 2790 975 ita

548 1089 553 1098 ,
670 1030 1122 1111 comparatum,
1194 1030 1264 1092 ut
1332 1027 1400 1092 in
1469 1050 1543 1092 eo
1613 1026 1992 1111 Syracusani
2040 1030 2245 1111 poetae
2295 1028 2485 1092 amici
2531 1028 2787 1092 tandem

670 1142 1007 1226 aliquando
1078 1144 1481 1228 acquiescere
1551 1147 1873 1227 possent“.
1968 1143 2222 1209 Ahrens
2291 1145 2358 1208 in
2416 1144 2787 1228 praefatione

669 1259 962 1323 editionis
1030 1281 1160 1324 suae
1232 1282 1289 1324 a.
1327 1261 1533 1325 ’1855
1606 1260 1850 1338 emissae
1898 1281 2016 1324 nec
2062 1282 2268 1344 pauca
2312 1282 2431 1325 nec
2477 1282 2675 1344 parva
2721 1260 2790 1324 in

669 1373 947 1460 Ziegleri
991 1376 1299 1441 librorum
1345 1376 1711 1441 collationes
1760 1376 2227 1441 animadvertit.
2322 1376 2479 1442 Haec
2523 1399 2671 1440 vero
2707 1377 2787 1439 ad

669 1492 939 1575 primam
1005 1491 1284 1578 Ziegleri
1356 1492 1698 1557 editionem
1763 1517 1820 1557 a.
1889 1494 2059 1557 1844
2108 1493 2402 1558 emissam
2448 1491 2785 1577 pertinent,

670 1630 864 1691 quare
925 1608 1300 1674 concludere
1359 1610 1512 1674 licet
1570 1608 1933 1694 Zieglerum
1980 1610 2048 1674 in
2092 1607 2158 1673 II
2206 1609 2482 1674 editione
2531 1632 2605 1673 ea
2652 1631 2788 1674 cor-

668 1725 928 1805 rexisse,
977 1746 1118 1808 quae
1166 1726 1234 1789 in
1286 1727 1494 1809 prima
1528 1728 1673 1811 jure
1706 1725 2116 1810 reprehendit
2147 1725 2421 1791 Ahrens.
2514 1722 2658 1809 Ipse
2692 1726 2789 1789 af-

669 1842 882 1905 firmat
928 1840 1183 1927 Ziegler
1228 1864 1432 1926 neque
1479 1843 1755 1928 tempori
1801 1864 2007 1926 neque
2054 1842 2257 1907 labori
2304 1864 2370 1906 se
2403 1843 2786 1926 pepercisse,

669 1960 741 2021 ut
771 1957 983 2021 omnia
1028 1958 1282 2042 integra
1313 1959 1649 2041 praeberet.
1744 1955 1821 2021 In
1852 1958 2124 2023 secundo
2165 1954 2282 2022 suo'
2308 1958 2537 2021 itinere
2570 1954 2793 2022 Italico

670 2072 878 2155 (annis
930 2073 1393 2157 1864—1865)
1432 2096 1646 2137 secum
1678 2071 1905 2139 habuit
1934 2075 2205 2158 primam
2237 2096 2414 2138 suam
2449 2074 2787 2138 editionem

670 2192 735 2251 et
800 2191 1048 2272 partem
1119 2188 1561 2254 Ahrensianae.
1654 2187 1937 2254 Tertiam
2008 2190 2347 2254 editionem
2416 2189 2672 2274 Ziegler
2728 2212 2783 2253 a.

674 2304 840 2369 1879
890 2305 1100 2369 emisit
1146 2326 1350 2389 neque
1410 2328 1561 2370 vero
1609 2305 1689 2369 ad
1736 2328 1879 2370 eam
1922 2327 2118 2370 novas
2165 2306 2454 2370 codicum
2501 2306 2786 2370 collatio-

668 2441 778 2484 nes
826 2420 1121 2485 instituit.
1224 2420 1395 2501 „Qua
1440 2422 1507 2485 in
1553 2444 1623 2486 re
1669 2426 1905 2505 praeter
1935 2421 2272 2486 Fritzschii
2303 2422 2608 2487 editiones
2639 2444 2785 2506 per-

669 2540 862 2619 petuo
932 2537 1220 2601 consului
1268 2540 1457 2621 atque
1519 2538 1587 2601 in
1634 2541 1816 2602 usum
1862 2561 2070 2604 meum
2119 2539 2402 2603 converti
2450 2560 2590 2622 quae
2638 2539 2784 2602 inde

670 2653 751 2717 ab
797 2652 906 2716 illo
952 2656 1238 2736 tempore
1296 2655 1520 2730 (1867)
1581 2653 1704 2718 viri
1753 2655 1920 2718 docti
1967 2655 2034 2718 in
2078 2655 2271 2719 variis
2318 2654 2783 2738 philologorum

669 2768 1030 2848 annalibuS,
1071 2770 1137 2833 in
1183 2770 1695 2854 programmatiS,
1757 2771 1824 2835 in
1871 2771 2416 2836 dissertationibus
2462 2770 2563 2834 vel
2607 2789 2783 2852 quae-

669 2885 977 2950 stionibus
1035 2887 1166 2950 sive
1216 2887 1292 2949 de
1341 2887 1612 2951 dialecto
1659 2890 1863 2971 poetae
1912 2889 2043 2952 sive
2093 2889 2169 2952 de
2219 2887 2564 2952 carminum
2612 2887 2782 2948 com'-

668 3002 975 3084 positione
1009 3002 1141 3066 sive
1175 3003 1251 3066 de
1284 3002 1552 3088 singulis
1583 3003 1737 3068 locis
1770 2999 2280 3087 disputaverant²‘
2336 3002 2564 3089 (Ziegl.
2599 3001 2781 3085 praef.

670 3117 965 3181 editionis
1012 3114 1157 3201 HI).

882 3233 1107 3297 Libros
1176 3235 1342 3317 quod
1412 3235 1661 3313 attinet,
1710 3233 1966 3320 Ziegler
2031 3236 2093 3299 in
2143 3236 2227 3300 id.
2276 3234 2396 3300 XV
2445 3235 2605 3299 solos
2651 3237 2780 3298 fere

671 3347 962 3412 adhibuit
1006 3371 1090 3413 m.
1130 3376 1221 3401 ·=
1270 3347 1651 3413 Vaticanum
1704 3351 1829 3413 915
1879 3349 2004 3432 (vv.
2057 3350 2389 3434 71—fin.)‚
2434 3373 2496 3434 p.
2532 3378 2613 3402 =
2647 3349 2785 3412 Me-

672 3461 919 3527 diceum
971 3466 1073 3543 30,
1121 3464 1185 3526 k.
1237 3492 1319 3517 =
1367 3463 1862 3529 Ambrosianum
1896 3467 2045 3546 222,
2082 3489 2135 3531 e.
2171 3469 2252 3519 ='
2281 3465 2670 3531 'Vaticanum
2701 3468 2784 3529 42

670 3578 797 3661 (vv.
836 3578 1095 3656 1—70).
1145 3577 1325 3664 Sigla
1356 3578 1674 3644 Gaisfordi
1704 3580 1809 3646 vel
1839 3579 2111 3646 Dorvilli
2136 3583 2256 3660 (cfr
2280 3583 2462 3666 praef.
2491 3582 2787 3647 editionis

670 3694 1116 3778 Ahrensianae)
1162 3695 1415 3760 omnino
1448 3696 1691 3780 recepit
1722 3695 1993 3782 Ziegler.
2042 3697 2117 3762 In
2149 3698 2330 3763 libris
2364 3721 2401 3761 a
2427 3697 2786 3764 Gaisfordio

671 3795 918 3875 omissis
951 3810 1356 3875 Ahrensiana
1389 3815 1654 3895 usurpat
1686 3813 1851 3897 sigla
1885 3812 2111 3900 (Ziegl.
2147 3812 2336 3877 Praef.
2373 3813 2667 3878 editionis
2697 3808 2784 3876 II.

669 3948 731 4009 p.
767 3922 886 4006 III,
921 3931 1048 3991 not.
1082 3926 1169 4007 2).
1241 3926 1433 4011 Apud
1465 3926 1853 3992 Ahrensium
1886 3931 2022 3994 cod.
2056 3952 2139 3994 m.
2174 3950 2437 3992 numero
2471 3929 2530 4009 9,
2566 3930 2699 4020 co'd.
2729 3951 2784 3993 e.

670 4064 931 4107 numero
979 4043 1018 4107 5
1064 4043 1358 4129 inscripti
1403 4047 1568 4108 sunt.
1663 4041 1738 4108 In
1792 4045 2098 4110 librorum
2142 4044 2350 4109 indice
2397 4044 2617 4128 idyllio
2662 4042 2786 4108 XV
