3109 4859
1095 425 1481 487 —101—

232 597 302 664 In
353 601 583 664 tabulis
630 600 1177 670 Heracleensibus-
1207 603 1423 691 fimet
1470 606 1534 666 et
1583 599 1706 662 ἐστί
1752 623 2000 686 semper
2047 622 2074 661 ν
2117 621 2335 685 respu-

236 739 353 790 ere,
409 720 669 783 tantum
740 718 984 783 dativos
1053 719 1329 801 plurales
1386 740 1414 780 ν
1486 718 1805 783 attrahere
1874 741 2120 783 summa
2189 719 2338 784 vero
2457 745 2463 754 ·

238 834 667 913 inconstantia,
715 856 907 930 quum
955 835 1138 898 modo
1184 831 1330 899 ante
1380 857 1681 899 consonas
1730 838 2104 918 usurpatum
2153 835 2341 900 modo

234 952 370 1013 ante
416 951 665 1015 vocales
713 951 1013 1014 omissum
1058 952 1161 1028 sit,
1210 951 1473 1036 Meister
1520 950 1698 1015 Stud.
1748 948 1859 1015 IV.
1896 952 2026 1016 413
2061 955 2157 1014 est
2189 974 2338 1015 auc-

234 1069 346 1130 tor‘.
436 1066 546 1130 Cfr
594 1066 797 1131 Cauer
853 1066 1188 1147 „Delectus
1237 1067 1716 1151 inscriptionum
1768 1066 2166 1132 Graecarun1“
2224 1090 2332 1151 pp.

246 1181 459 1248 7-17.
555 1183 770 1246 Etiam
801 1183 867 1248 in
899 1183 1100 1263 titulis
1144 1184 1507 1249 vetustioris
1543 1183 1828 1247 Atthidis
1861 1206 2168 1247 summam
2202 1206 2337 1247 esse

246 1296 408 1382 hujus
482 1299 684 1363 literae
755 1299 1244 1395 inconstantiam
1314 1300 1591 1363 ostendit
1660 1299 1885 1363 Cauer'
1928 1298 2103 1364 Stud.
2152 1296 2373 1392 VIII„

241 1414 594 1478 292-294.
689 1414 852 1490 Quin
902 1416 1092 1479 etiam
1125 1416 1324 1479 invito
1358 1420 1559 1479 metro
1593 1416 1690 1479 bis
1723 1416 1789 1478 in
1820 1415 2106 1479 versibus
2139 1413 2334 1479 hexa-

229 1532 441 1594 metris
488 1531 707 1594 formis
754 1532 1116 1598 verbalibus
1164 1532 1352 1596 affixa
1400 1536 1512 1609 est,
1562 1532 1653 1596 ita
1686 1534 1755 1595 ut
1786 1532 2181 1615 pronuntiari
2211 1554 2336 1598 non

222 1648 438 1728 possit,
491 1648 554 1711 id
601 1648 765 1730 quod
814 1647 1123 1711 Cauerum
1177 1647 1457 1718 adduxit,
1494 1650 1564 1711 ut
1597 1649 1887 1711 omnibus
1921 1647 2146 1711 ceteris
2180 1669 2335 1730 quo-

220 1785 336 1846 que
384 1762 658 1845 triginta
702 1763 857 1827 locis
904 1786 931 1825 ν
982 1760 1405 1848 ἐφελκυστικόν
1440 1766 1585 1827 ante
1620 1786 1957 1828 consonam
1993 1767 2330 1827 attractum

217 1900 339 1942 non
410 1880 889 1963 pronuntiatum
958 1880 1069 1943 sed
1121 1879 1539 1970 lapicidarum
1587 1879 2001 1963 negligentiae
2050 1880 2332 1944 tribuen-

218 1996 365 2060 dum
441 2018 576 2059 esse
646 1999 994 2061 statueret?
1069 1995 1268 2071 Quam
1342 1996 1722 2059 sententiam
1768 1997 2073 2062 refutanti
2121 1995 2331 2059 Maas-

214 2113 391 2177 senio
464 2111 734 2198 (Leipz.0
775 2111 952 2177 Stud.
1022 2107 1135 2177 IV.
1209 2112 1495 2193 51--53)
1565 2112 1718 2195 quin
1766 2112 2076 2175 assentiar
2122 2113 2331 2176 facere

212 2250 340 2292 non
389 2250 664 2311 possum.
761 2228 1015 2305 Contra,
1063 2229 1218 2312 quin
1264 2229 1496 2311 ubique
1547 2232 1692 2291 ante
1740 2195 1988 2292 vocales
2024 2265 2102 2271 —-
2139 2228 2333 2291 etiam
2371 2198 2382 2211 ι

210 2345 317 2408 ubi
372 2367 500 2408 non
545 2346 849 2428 scriptum
898 2348 1066 2409 esset
1117 2383 1192 2389 —
1244 2345 1717 2428 pronuntiatum
1775 2344 1856 2407 sit
1910 2363 1941 2406 ν
1988 2345 2332 2429 paragogi-

210 2483 381 2541 cum,
432 2483 554 2524 non
602 2461 852 2530 dubitat
898 2460 1119 2525 Gauer.
1214 2461 1456 2525 Gelbke
1506 2460 1682 2526 Stud.
1728 2458 1811 2523 II.
1848 2462 1931 2525 34
1964 2461 2029 2524 in
2061 2461 2331 2544 inscrip-

206 2578 387 2642 tione
458 2576 803 2662 Tegeatica
873 2597 903 2638 ν
970 2577 1429 2661 paragogicum
1491 2578 1688 2641 semel
1735 2576 2016 2642 additum
2067 2572 2331 2657 (ἀναλώτ

211 2715 420 2778 μασιν,
472 2696 552 2778 μὴ
600 2718 657 2758 v.
708 2692 840 2774 43),
890 2692 1085 2756 semel
1130 2694 1495 2777 neglectum
1544 2716 1680 2757 esse
1729 2688 1993 2777 (ὑπᾶρχε
2040 2688 2091 2754 ἰν
2125 2717 2182 2757 v.
2218 2692 2330 2771 44)
2382 2681 2385 2688 ¹
2439 2705 2442 2707 ’

209 2813 449 2876 monet.
544 2809 662 2873 His
734 2809 926 2872 etiam
997 2809 1467 2872 adnumeranda
1513 2812 1660 2872 sunt
1709 2805 1757 2869 εἰ
1803 2828 1917 2870 ’καν
1964 2793 2061 2873 ἦν.
2115 2811 2174 2888 2,
2228 2810 2328 2887 10,

216 2928 315 3006 14,
393 2926 502 2989 ubi
563 2946 591 2986 ν
638 2930 951 3004 servatum
1005 2929 1100 2988 est
1147 2923 1231 3004 (v.
1283 2926 1364 2988 25
1414 2945 1443 2986 ν
1488 2925 1819 3007 particulae
1866 2944 1980 2985 καν
2029 2948 2065 2987 a
2112 2946 2329 2988 recen-

131 3123 135 3127 ·
217 3042 483 3108 tioribus
530 3042 894 3106 restitutum
942 3043 1082 3121 est),
1133 3041 1286 3121 τρισὶ
1334 3036 1451 3101 ἀπὺ
1499 3064 1559 3104 v.
1610 3041 1647 3104 5
1697 3041 1925 3104 omisso
1973 3061 2000 3102 ν
2044 3041 2188 3103 ante
2224 3063 2329 3104 vo-

213 3160 441 3235 calem,
500 3166 631 3227 τοιῐς
686 3154 957 3219 ἐσδόσεσι
1013 3166 1123 3219 τῶν
1177 3180 1236 3222 v.
1296 3158 1376 3220 16
1431 3177 1459 3218 ν
1503 3160 1646 3220 ante
1697 3178 2034 3220 consonam
2081 3158 2327 3221 omisso.

209 3273 506 3361 Figuras¹
536 3295 676 3356 quae
725 3278 871 3336 sunt
916 3277 1190 3355 κρίνωνσι
1222 3274 1303 3335 'in
1351 3272 1474 3336 fine
1523 3294 1739 3336 versus
1789 3273 1849 3351 5,
1895 3272 2221 3362 κελεὺωνᾳι
2266 3295 2326 3336 v.

211 3393 320 3469 15,
371 3388 777 3470 παρετάξωνσι
826 3389 894 3453 in
938 3390 1144 3453 fronte
1191 3412 1408 3455 versus
1458 3391 1538 3453 28
1573 3411 1827 3473 prorsus
1860 3389 2101 3465 omitto,
2135 3411 2330 3480 quum

205 3529 305 3569 νσι
377 3505 741 3570 terminatio
808 3506 1051 3588 pariter
1105 3528 1177 3569 ac
1249 3506 1460 3571 dorica
1518 3525 1606 3567 ντι
1651 3489 2104 3590 paragogicum
2153 3525 2182 3564 ν
2229 3527 2329 3568 re-

206 3644 444 3708 spuere
477 3622 786 3700 videatur.
859 3621 968 3685 Ofr
999 3621 1203 3685 Cauer
1237 3611 1578 3686 'Delectus'
1617 3621 1981 3688 137—138·.
2022 3658 2099 3664 ——
2133 3620 2328 3684 Beer-

208 3761 365 3804 man
413 3735 588 3804 Stud.
638 3735 752 3803 IX.
803 3738 884 3801 59
933 3758 961 3798 ν
996 3733 1202 3822 ἐφελκ.
1237 3738 1372 3804 sine
1406 3738 1537 3802 ulla
1571 3737 1922 3801 constantia
1954 3737 2135 3800 modo
2168 3758 2325 3821 neg-

207 3855 347 3939 legi
399 3853 586 3917 modo
632 3854 927 3938 usurpari
972 3854 1038 3917 in
1084 3853 1288 3916 titulis
1335 3854 1636 3918 boeoticis
1678 3853 2017 3929 contendit,
2066 3852 2329 3916 Meister

214 3973 432 4034 autem
477 3968 670 4035 Diall.
718 3968 767 4034 I.
823 3972 968 4049 125,
1019 3970 1145 4033 258
1194 3969 1262 4032 in
1315 3970 1518 4034 titulis
1577 3970 1877 4035 boeoticae
1927 3969 2182 4032 dialecti
2228 3981 2337 4033 so-'

212 4086 365 4151 lutis
415 4105 443 4145 ν
490 4084 755 4149 inveniri
804 4107 1059 4171 prorsus
1106 4089 1319 4172 negat.
1416 4085 1654 4152 Saltem
1710 4086 1775 4151 in
1822 4086 1899 4152 iis
1946 4085 2169 4163 tituliS,
2218 4085 2326 4170 qui
