3109 4859
1568 361 1954 427 -116—

703 548 850 611 dum
900 547 996 610 est
1041 543 1454 609 Homericum
1502 543 1856 628 genitivum
1902 565 2017 626 per
2062 561 2154 604 oto
2203 544 2538 605 exeuntem
2566 538 2814 605 omnino

704 665 1028 727 elisionem
1079 664 1435 744 respuere);

916 779 980 842 in
1029 778 1236 862 priore
1270 778 1426 840 arsis
1471 776 1693 860 primae
1727 779 1939 859 parte:
1989 774 2130 839 XV.
2168 776 2250 840 32
2284 782 2457 847 παῦε,
2493 769 2591 856 ’ὄχ’
2619 768 2718 834 οἷα
2757 774 2818 851 “),

708 897 849 959 149·
882 903 1061 978 χαῖρε
1093 890 1324 967 Ἀδων,
1360 916 1547 978 quam
1582 895 1921 957 verborum
1955 892 2461 975 conjunctionem
2495 891 2575 954 ad
2610 912 2820 952 exem-

706 1011 849 1096 plar
895 1012 1204 1087 formulae,
1252 1033 1393 1094 quae
1456 1011 1540 1073 sit
1586 1018 1765 1093 χαῖρε
1814 1006 1979 1081 ἄναξ,
2032 1009 2485 1080 conformatam
2533 1028 2673 1070 esse
2722 1028 2820 1068 su-

705 1128 989 1212 spicatur
1035 1128 1261 1191 Kunst.

919 1247 979 1308 2.
1073 1234 1327 1308 Vocalis
1375 1242 1583 1305 finalis
1633 1242 1879 1305 elisioni
1927 1245 2245 1325 repugnat
2262 1264 2285 1305 t·
2327 1240 2467 1305 XV.
2519 1243 2606 1304 30
2641 1238 2818 1300 πουλὺ

710 1359 979 1446 ἄπληστε
1027 1359 1134 1443 (V.
1187 1359 1357 1442 1)-2).
1455 1357 1566 1422 Cfr
1612 1357 1823 1421 Kunst
1875 1360 2240 1422 120—122.

1616 1589 1919 1655 XXVIII.
2024 1616 2032 1622 ·

1495 1734 1600 1801 De
1649 1733 2036 1826 positione.

921 1904 1087 1969 Satis
1158 1908 1403 1969 constat
1473 1906 1641 1987 apud
1689 1904 2038 1967 Homerum
2087 1908 2452 1987 ceterosque
2502 1905 2821 1987 epicorum

708 2023 1058 2112 carminum
1126 2022 1471 2104 scriptores
1533 2020 1906 2104 antiquioris
1955 2020 2162 2084 aetatis
2210 2020 2530 2084 rarissime
2578 2020 2823 2085 omnino

707 2119 978 2202 inveniri
1051 2138 1482 2220 correptiones
1554 2139 1700 2200 ante
1775 2139 2033 2200 'mutam
2084 2160 2226 2200 cum
2272 2137 2532 2221 liquida'
2583 2136 2825 2200 Atticos

710 2259 920 2318 autem
990 2255 1357 2318 recentioris
1430 2252 1640 2316 aetatis
1688 2257 1926 2336 poetaS‚
1977 2254 2086 2336 qui
2132 2254 2198 2315 in
2246 2253 2635 2317 carminibus
2684 2273 2825 2315 con-

707 2371 1058 2435 scribendis
1127 2392 1330 2435 versu»
1374 2368 1631 2432 heroico
1680 2371 2028 2447 uterentur,
2076 2368 2438 2452 hujusmodi
2486 2367 2824 2451 correptio-

709 2510 820 2550 nes
869 2487 1214 2569 saepissime
1250 2485 1596 2549 admisisse.
1688 2483 1781 2549 Ut
1814 2486 1981 2569 apud
2015 2488 2255 2549 ceteros
2287 2489 2506 2569 poetas
2542 2486 2634 2547 ita
2667 2482 2824 2567 apud

702 2602 1118 2667 Theocritum
1167 2624 1240 2665 ea
1288 2601 1539 2664 omnino
1586 2604 1837 2665 servata
1886 2605 1982 2664 est
2025 2602 2150 2681 lex,
2198 2606 2269 2664 ut
2315 2601 2538 2665 fortior
2570 2601 2656 2679 sit
2690 2621 2822 2682 pro-

711 2720 941 2797 ducti0‚
1013 2740 1210 2801 quum
1272 2720 1336 2781 et
1383 2718 1594 2782 brevis
1640 2718 1879 2782 vocalis
1928 2718 2306 2781 antecedens
2355 2721 2418 2787 et
2462 2720 2644 2781 muta
2690 2736 2823 2780 cum

707 2835 950 2919 liquida
978 2834 1033 2916 3)
1104 2835 1169 2897 in
1242 2857 1364 2897 una
1435 2839 1623 2918 atque
1696 2834 1913 2898 eadem
1963 2855 2114 2897 voce
2162 2834 2591 2914 inveniuntur,
2642 2852 2822 2916 quam

710 2973 904 3034 quum
950 2952 1208 3014 brevem
1255 2951 1535 3015 vocalem
1585 2950 1841 3014 finalem
1888 2949 2128 3032 excipit
2173 2950 2550 3014 vocabulum
2586 2974 2623 3014 a
2657 2950 2822 3012 muta

712 3089 853 3130 cum
900 3054 1151 3149 liquida
1188 3067 1517 3149 incipiens,

815 3215 820 3228 =
924 3181 1147 3246 Totam
1200 3183 1631 3265 exemplorum
1679 3181 2194 3246 Theocriteorum
2241 3181 2463 3246 silvam
2511 3177 2851 3265 congessit.

712 3290 1096 3372 uberiusque
1168 3291 1469 3354 tractavit
1542 3290 1748 3352 Kunst
1807 3289 1848 3352 l.
1911 3310 1963 3352 c.
2016 3289 2294 3353 64—96.
2389 3289 2705 3372 Equidem
2752 3286 2821 3347 de

710 3406 789 3469 iis
858 3409 1107 3469 tantum
1155 3428 1343 3490 agam
1406 3405 1733 3488 exemplis,
1801 3427 1939 3489 quae
1990 3427 2067 3468 ex
2116 3405 2351 3488 idylliis
2396 3405 2538 3481 XV,
2589 3397 2818 3476 XVIII,

712 3520 921 3602 XVII,
968 3520 1156 3586 XXII
1204 3522 1455 3606 collegi.

934 3681 970 3748 ¹)
1010 3683 1097 3736 De
1145 3682 1250 3735 hoc
1303 3682 1424 3735 loco
1481 3680 1607 3736 vide
1646 3699 1825 3750 supra.
1902 3682 2084 3737 Kunst
2125 3682 2267 3752 legit
2305 3686 2451 3732 παῦε.
2491 3678 2642 3731 ὁκοῖα
2679 3628 2825 3743 Ziegf

713 3772 887 3826 lerum
927 3774 1161 3825 secutus„

933 3858 971 3927 ²)
1014 3861 1107 3914 Cfr
1145 3879 1310 3930 supra
1346 3880 1399 3931 p.
1440 3862 1507 3915 33
1545 3864 1661 3915 not.

932 3946 971 4016 ³)
1012 3950 1260 4018 Liquidae
1298 3950 1631 4004 vocabulum
1667 3950 1761 4005 hic
1797 3951 1855 4004 in
1897 3951 2213 4021 significatu
2239 3950 2408 4005 latius
2433 3949 2652 4019 patenti
2678 3960 2814 4001 usur-

712 4038 860 4108 pavi,
898 4039 984 4093 ita
1020 4043 1085 4092 ut
1119 4036 1169 4100 λ,
1209 4056 1263 4108 μ,
1303 4057 1345 4100 ν,
1386 4057 1412 4109 ρ
1453 4032 1718 4094 consonas
1758 4042 2174 4110 complectatur.
