3109 4859
1449 409 1537 464 -5
1583 374 1707 441 128
1758 411 1841 425 -

538 554 691 632 ,fur
759 553 871 619 das
941 554 1054 620 der
1121 553 1443 620 Schll’issel
1513 555 1840 621 anderswo
1910 556 2002 620 als
2072 558 2135 620 in
2184 556 2297 621 der
2341 554 2705 642 Sprachge-

585 671 870 736 scbichte
918 672 1069 735 oder
1113 673 1180 735 in
1228 672 1339 736 der
1370 672 1772 736 natfirlichen
1807 672 2324 737 Beschaffenheit
2356 675 2469 738 der
2500 675 2703 738 Laute

584 811 660 852 zu
707 788 919 852 finden
965 787 1111 853 ist“.
1204 788 1631 871 (490—491).

797 902 1012 968 Rzach
1081 881 1369 981 (Studien
1437 927 1548 968 zur
1602 902 1889 969 Technik
1938 905 2046 969 des
2093 905 2702 970 nachhomerischen

584 1019 962 1116 heroischen
1028 1019 1283 1085 Verses.
1396 1020 1590 1084 Wien
1677 1022 1890 1098 1880.)
1993 1020 2244 1084 Harteli
2321 1023 2701 1086 sententiam

585 1136 837 1200 omnino
883 1137 1211 1220 amplexus
1259 1141 1373 1202 est.
1424 1173 1503 1202 -.—
1555 1136 1743 1201 Locis
1801 1112 2177 1216 Homerici8‚
2226 1138 2336 1221 qui
2382 1137 2508 1201 huc
2553 1161 2702 1221 per-

581 1254 848 1332 tineant,
896 1276 1112 1319 vocem
1157 1254 1548 1336 praemissam
1598 1251 1969 1336 plerumque
2018 1274 2156 1315 cum
2207 1253 2564 1336 insequenti
2599 1277 2702 1316 ar-

582 1370 824 1434 tissime
873 1370 1191 1434 cohaerere
1253 1369 1528 1432 ostendit
1583 1367 1812 1432 Hartel
1858 1368 2102 1448 (Rzach
2147 1370 2189 1434 l.
2238 1391 2290 1433 c.
2341 1371 2452 1452 4),
2522 1368 2700 1434 Idem

585 1487 770 1550 docet
815 1488 1074 1551 brevem
1120 1484 1402 1549 vocalem
1450 1485 1704 1548 finalem
1752 1489 1899 1548 ante
1945 1491 2312 1568 sequentem
2346 1486 2704 1569 simplicem¹

583 1602 893 1686 liquidam
937 1602 1062 1665 nisi
1108 1601 1173 1664 in
1221 1599 1388 1664 thesi
1432 1601 1695 1683 produci
1742 1623 1867 1664 non
1913 1622 2097 1684 posse
2145 1600 2383 1679 (Rzach
2432 1601 2475 1665 l.
2522 1623 2576 1664 c.
2612 1602 2704 1684 6).

586 1718 966 1802 Hujusmodi
1012 1716 1454 1800 productiones
1500 1718 1668 1800 apud
1717 1716 2064 1781 Homerum
2112 1717 2303 1802 longe
2351 1717 2702 1800 saepissime

582 1834 649 1898 in
715 1833 1004 1898 thesibus
1074 1834 1349 1897 secunda
1417 1836 1480 1897 et
1549 1836 1778 1916 quarta
1832 1833 2103 1922 inveniri
2169 1833 2345 1897 Knos
2393 1833 2518 1913 (De
2569 1833 2700 1917 dig.

584 1948 772 2014 Hom.
844 1927 1020 2030 2545,
1093 1949 1260 2031 apud
1330 1947 1678 2012 Hesiodum
1738 1949 1802 2011 in
1852 1948 1999 2013 solis
2047 1945 2112 2013 II
2153 1951 2223 2012 et
2271 1946 2365 2012 IV
2411 1949 2700 2013 thesibus

582 2064 798 2129 Rzach
846 2064 914 2147 (l.
964 2086 1016 2128 c.
1069 2066 1136 2147 6)
1185 2069 1403 2129 auctor
1450 2069 1565 2129 est.

796 2176 869 2243 In
916 2180 1153 2263 idylliis
1200 2179 1321 2244 XV
1371 2184 1435 2244 et
1480 2178 1667 2244 XXII
1714 2179 1851 2245 haec
1897 2180 2200 2265 leguntur
2246 2181 2572 2264 exempla:

794 2294 937 2361 XV.
1011 2297 1136 2359 128
1206 2292 1238 2357 ό
1309 2290 1653 2379 ῥοδόπαχος
1721 2294 1888 2375 (IV),
1948 2294 2159 2361 XXII.
2212 2287 2483 2374 118ὅγε
2534 2290 2698 2378 ῥέξαι

584 2410 722 2493 (ΙΙ),
797 2414 916 2475 121
992 2409 1090 2473 ἐπὶ
1137 2406 1392 2490 λαγόνος
1427 2412 1475 2493 ¹)
1523 2410 1688 2501 (IV).
1746 2448 1821 2457 -ψ
1873 2411 2031 2476 Cum
2075 2411 2219 2477 XV.
2271 2414 2395 2476 128
2444 2408 2475 2474 ό
2525 2406 2698 2494 ῥοδό-

584 2550 786 2613 παχος
852 2527 1067 2591 Rzach
1137 2527 1206 2609 (l.
1257 2549 1310 2592 c.
1363 2529 1469 2604 17)
1518 2527 1789 2591 contulit
1834 2527 1950 2593 Od.
1998 2527 2077 2592 V.
2131 2530 2251 2592 121
2305 2525 2477 2589 ἕλετο
2525 2523 2699 2610 ῥοδο-

583 2644 879 2713 δάκτυλος
926 2641 1072 2724 (IV)
1123 2647 1187 2707 et
1232 2642 1419 2707 Hom.
1468 2642 1684 2727 hymn.
1733 2642 1970 2709 XXXI.
2015 2646 2052 2709 6
2087 2666 2149 2705 τε
2183 2639 2522 2729 ῥοδόπηχυν
2556 2642 2694 2726 (ΙΙ).

587 2798 664 2807 --
737 2760 835 2825 De
905 2754 1192 2850 (Ηρόδον
1261 2760 1395 2824 aeol.
1470 2759 1681 2842 βρόδον
1753 2783 1787 2824 e
1848 2761 1962 2825 rad
2009 2761 2167 2824 vrad
2213 2761 2556 2826 derivando
2602 2762 2697 2824 cfr

583 2877 755 2943 Curt.
805 2876 1076 2942 Grundz.
1126 2878 1274 2955 352,
1324 2876 1500 2940 Κηὸε
1546 2877 1589 2941 l.
1639 2899 1689 2940 c.
1742 2879 1891 2942 304.

795 2993 952 3058 Cum
1015 2989 1223 3056 XXII.
1277 2993 1402 3056 118
1463 2988 1565 3070 ὅγε
1616 2987 1780 3074 ῥέξαι
1827 2991 2041 3055 Rzach
2089 2992 2129 3055 l.
2182 3014 2234 3056 c.
2284 2993 2530 3057 confert
2577 2991 2693 3057 Od.

581 3107 694 3173 IV.
766 3110 894 3173 690
964 3109 1094 3170 τινὰ
1156 3101 1333 3189 ῥέξας
1380 3105 1517 3188 (ΙΙ).
1612 3107 1708 3171 De
1758 3102 2031 3189 &ecoe-x
2076 3109 2315 3197 Γρἑγῇω
2361 3112 2508 3173 nato
2554 3109 2695 3172 vide

580 3248 774 3308 supra
818 3247 881 3308 p.
933 3225 1036 3289 68.

794 3340 947 3405 Cum
997 3336 1201 3403 XXII.
1256 3341 1375 3402 121
1430 3335 1526 3401 ἐπὶ
1576 3333 1830 3416 λαγόνος
1877 3339 2331 3403 conferendum
2364 3344 2460 3404 est
2492 3338 2693 3403 XXV.

581 3458 709 3521 246
756 3451 869 3518 ὑπὸ
916 3456 1182 3534 λαγόνας
1227 3454 1396 3538 (IV),
1444 3477 1602 3539 quas
1634 3456 2079 3538 productiones
2113 3479 2190 3520 ex
2222 3457 2517 3540 analogia
2547 3478 2696 3539 pro-

581 3573 913 3651 ductionis,
983 3594 1123 3656 quae
1195 3573 1363 3656 apud
1433 3570 1783 3636 Homerum
1853 3575 1999 3636 ante
2071 3571 2240 3649 λιγὺς
2314 3572 2695 3651 inveniatur,

580 3687 988 3754 Theocritum
1058 3689 1181 3753 sibi
1228 3688 1589 3772 sumpsisse,
1638 3688 1995 3771 suspicatur
2040 3687 2254 3752 Rzach
2302 3687 2343 3752 l.
2394 3709 2446 3752 c.
2540 3686 2694 3762 Quae

799 3874 836 3944 ¹)
877 3873 958 3926 ἐπί
996 3877 1137 3944 conj.
1175 3876 1307 3929 Ahr.
1345 3892 1444 3945 pro
1482 3876 1633 3944 vulg.
1675 3871 1820 3925 ἀπαὶ.
1861 3873 1961 3924 ἀπό
2006 3876 2084 3928 ll.
2124 3875 2248 3928 Ald.
2277 3892 2326 3928 a.
2355 3871 2436 3924 ἐπὶ
2460 3872 2691 3945 λαγόνος

578 3966 748 4036 Ziegl.
788 3966 874 4019 Fr.
912 3966 1165 4035 Rumpel.
1243 3962 1323 4014 ἐπὶ
1358 3962 1595 4033 λαγόνας
1633 3964 1765 4018 Ahr.
1804 3964 1987 4018 Ezach
2028 3965 2086 4031 (l.
2128 3982 2170 4018 c.
2213 3964 2317 4031 17).
2397 3961 2498 4015 ἀπὸ
2536 3962 2695 4034 λαγό-

580 4072 669 4116 νος
708 4055 873 4111 Mein.
910 4054 1023 4109 Hil.
1063 4051 1395 4124 ἀπολαγόνος
1433 4072 1504 4107 tn.
1641 4096 1648 4102 .
