3109 4859
1549 378 1892 442 *38*

666 532 815 640 αροξ
877 582 936 623 v.
1009 559 1068 637 8,
1131 557 1285 640 (dat.
1355 559 1546 641 part.)
1612 566 1872 619 πεινᾶντι
1919 580 1977 620 v.
2031 558 2176 621 148.
2271 555 2384 621 cfr
2428 555 2587 622 Ahr.
2636 557 2678 622 1.
2727 579 2780 621 c.
2881 599 2889 619 .

668 676 1035 754 196-200,
1085 673 1159 739 G.
1206 673 1430 758 Meyer
1480 674 1847 751 147——149‚
1897 673 2226 739 Delbrtick
2275 673 2448 739 Curt.
2484 673 2665 741 Stud.
2699 674 2782 742 11.

666 791 812 856 196.
905 791 1004 855 De
1076 793 1284 875 etymo
1351 790 1646 855 vocabuli
1714 792 1989 872 πάραρος
2048 790 2190 854 vide
2238 812 2450 874 supra.
2543 788 2616 855 In
2663 791 2782 856 hac

662 928 835 986 voce,
884 929 1025 991 quae
1074 929 1152 971 ex
1198 909 1505 988 παράορος
1551 911 1691 971 orta
1738 915 2013 989 παρᾱρος
2057 906 2250 971 scribi
2285 907 2525 988 debuit,
2560 908 2783 972 aeolica

663 1024 1079 1108 barytonesiS,
1128 1045 1269 1107 quae
1316 1026 1601 1101 vocatur,
1650 1022 1822 1086 facta
1870 1026 1983 1087 est.

875 1136 966 1204 Ae
1033 1141 1364 1225 vulgarem
1434 1139 1849 1223 contrahendi
1918 1136 2230 1204 tutionem
2285 1139 2459 1204 nullo
2506 1141 2695 1205 modo
2744 1164 2781 1205 a

666 1257 879 1321 dorica
925 1256 1196 1321 dialecto
1256 1255 1597 1321 abhorrere
1646 1255 1901 1320 Ahrens
1952 1257 1991 1320 1.
2041 1278 2095 1322 c.
2149 1257 2271 1322 197
2322 1255 2554 1337 docuit,
2603 1258 2782 1341 cujus

620 1434 629 1443 ,
665 1372 759 1437 rei
805 1394 884 1436 ex
928 1373 1012 1437 id.
1061 1370 1184 1435 XV
1231 1371 1369 1436 haec
1413 1371 1626 1436 refero
1672 1372 1964 1455 exempla
2011 1372 2147 1448 (ubi
2187 1393 2234 1433 ω
2267 1395 2346 1436 ex
2378 1372 2455 1434 ἄο
2497 1382 2783 1438 conssrac-

664 1489 834 1553 tione
903 1491 1109 1553 ortum
1180 1491 1328 1565 esffl:
1400 1489 1756 1573 πειρώμενοι
1812 1511 1911 1552 vv.
1971 1490 2076 1568 61,
2130 1490 2276 1567 122,
2326 1484 2785 1571 ὃπερπωτῶνται

662 1627 724 1670 v.
775 1607 920 1682 120,
970 1613 1275 1666 πωτῶνται
1323 1627 1379 1668 v.
1432 1604 1579 1669 122.

878 1721 975 1785 De
1024 1721 1189 1784 crasi
1233 1720 1376 1784 vide
1424 1720 1613 1786 infra.

1261 1863 1361 1927 Ex
1408 1864 1492 1928 id.
1541 1860 1733 1928 XXII
1778 1863 1917 1928 haec
1965 1865 2192 1929 affero:

666 1998 742 2061 ἅο
787 1999 856 2062 in
902 2020 950 2060 ω
996 1998 1360 2063 coalescunt
1406 1999 1472 2063 in
1521 1994 1761 2081 ἐνώμων
1807 2021 1868 2063 v.
1918 2001 2034 2075 333

662 2116 726 2179 vi
785 2115 1086 2198 spirantis
1148 2115 1499 2199 antiquitus
1546 2115 1903 2179 intersertae
1953 2114 2242 2191 efficitur,
2291 2118 2363 2180 ut
2408 2114 2634 2180 solutae
2683 2114 2784 2178 in-

662 2230 1001 2295 veniantur
1044 2231 1331 2296 vocales:

666 2347 772 2409 ἄοε
823 2331 1037 2410 ἇὲνάον
1069 2371 1127 2412 v.
1163 2347 1244 2411 37
1282 2346 1408 2429 (De
1441 2347 1600 2412 lesb.
1634 2347 1811 2420 ναὺω,
1848 2349 1961 2412 att.
1996 2343 2138 2420 νᾰω,
2176 2345 2361 2411 Hom.
2398 2348 2544 2409 ναίω
2577 2370 2613 2411 a
2645 2348 2783 2412 rad.

662 2485 782 2528 snu
829 2463 996 2527 natis
1027 2464 1171 2528 vide
1202 2486 1394 2547 supra
1426 2485 1489 2546 p.
1525 2465 1586 2543 8,
1620 2485 1750 2547 seq.
1784 2465 1913 2527 not.
1948 2465 2007 2526 2.
2081 2461 2194 2528 cfr
2224 2461 2417 2528 Hom.
2452 2461 2567 2528 Od.
2601 2460 2782 2527 XIII.

667 2581 827 2655 1093
888 2574 1056 2641 ὕδατ’
1115 2575 1453 2659 ἀενάοντα),
1503 2582 1659 2665 φάος
1702 2602 1764 2644 v.
1815 2580 1897 2643 84
1946 2579 2105 2663 (rad.
2156 2584 2315 2665 tpaf,
2362 2579 2523 2645 lesb.
2572 2586 2781 2665 φαῦος.

666 2695 777 2760 Cfr
823 2695 996 2761 Curt.
1045 2696 1088 2760 l.
1138 2717 1192 2760 c.
1242 2695 1368 2759 296
1420 2717 1575 2779 seq„
1609 2694 1874 2780 Brugm.
1909 2693 2083 2761 Curt.
2117 2694 2294 2760 Stud.
2329 2694 2442 2760 IV.
2496 2696 2642 2775 157,
2678 2696 2781 2775 44,

667 2813 813 2889 169,
867 2813 1011 2888 173,
1065 2813 1167 2889 12,
1215 2809 1520 2896 Mangold
1570 2810 1741 2875 Gurt.
1792 2810 1970 2877 Stud.
2016 2809 2132 2876 VI.
2187 2812 2333 2892 170,
2383 2813 2531 2891 201,
2570 2811 2783 2877 Christ

664 2926 740 2993 Il.
788 2927 1042 3013 Proleg.
1095 2928 1241 3005 170,
1305 2927 1378 2993 G.
1426 2926 1649 3011 Meyer
1695 2929 1846 2994 238.
1942 2926 2136 3011 Apud
2184 2926 2538 2992 Homerum
2586 2948 2627 2988 α
2671 2951 2784 2992 vo-

665 3045 877 3109 cabuli
946 3045 1102 3130 φάος
1158 3044 1342 3108 modo
1388 3044 1651 3130 longum
1696 3045 1882 3109 modo
1930 3045 2121 3109 breve
2171 3044 2337 3124 est.),
2387 3041 2498 3126 ἄορ
2546 3066 2605 3109 v.
2658 3044 2778 3108 191

666 3163 870 3246 (cujus
942 3150 1299 3225 deradice
1368 3183 1561 3244 supra
1631 3160 1967 3244 disputavi.
2065 3159 2224 3225 Cum
2287 3159 2405 3225 hoc
2450 3160 2588 3225 loco
2634 3160 2787 3225 licet

667 3298 1034 3360 comparare
1104 3274 1291 3341 Hom.
1361 3274 1437 3340 Il.
1520 3273 1696 3341 XXI.
1785 3276 1945 3341 173:
2030 3272 2604 3360 ἄορ-ἐρυσσάμενος,
2675 3276 2789 3341 ubi

665 3394 856 3458 breve
903 3394 1245 3475 usurpatur
1292 3413 1368 3470 ας
1418 3392 1529 3457 sed
1579 3378 1717 3475 ἄορι
1762 3390 1837 3456 Il.
1886 3391 1965 3456 X.
2015 3394 2167 3473 484,
2214 3391 2329 3458 ΧΙ.
2376 3392 2567 3475 265);

669 3519 779 3570 ᾆοε
828 3503 1214 3571 Λαοκόωσσα
1259 3533 1318 3573 v.
1370 3510 1495 3573 206
1546 3508 1674 3591 (De
1721 3503 2018 3571 Λαοκόων
2066 3531 2145 3574 ex
2190 3506 2597 3600 AaJ-‘oxofmv
2640 3509 2789 3574 vide

669 3626 929 3710 Brugm.
979 3624 1151 3690 01111..
1201 3623 1379 3690 Stud.
1429 3621 1542 3688 IV.
1583 3626 1728 3705 153,
1763 3625 1867 3706 34,
1903 3624 2076 3690 Curt.
2112 3624 2385 3691 Grundz.
2423 3625 2569 3707 152,
2606 3626 2784 3703 362).

875 3794 952 3862 Ε.
1045 3817 1086 3857 α
1132 3816 1276 3887 cum
1321 3817 1452 3879 seq.
1502 3816 1570 3856 ω.

878 3938 1071 4022 Apud
1141 3938 1482 4003 Dorienses
1531 3959 1622 4000 αω
1675 3937 1926 4003 vocales
1972 3938 2039 4001 in
2085 3958 2230 4022 gen.
2279 3936 2443 4020 plur.
2491 3938 2793 4022 stirpium

665 4078 782 4138 per
851 4076 888 4115 α
960 4055 1325 4120 exeuntium
1371 4055 1440 4118 in
1489 4062 1528 4114 ᾶ
1574 4077 1743 4139 saepe
1792 4054 2171 4135 coalescunt,
2220 4055 2399 4139 cujus
2447 4055 2541 4119 rei
2587 4055 2651 4119 in
2698 4055 2790 4121 id.
