3109 4859
1176 384 1521 448 —45-.

502 556 705 637 Quam
773 562 1189 628 contrahendi
1257 563 1567 629 rationem
1641 565 1811 649 apud
1879 561 2066 630 Iones
2111 564 2414 630 usitatam

284 699 411 744 sec.
460 677 621 744 Ahr.
669 679 711 744 l.
762 701 816 745 c.
866 681 993 744 214
1042 680 1236 745 etiam
1282 680 1476 766 vulgo
1522 684 1908 765 acceperunt
1954 681 2000 746 ii
2047 681 2408 762 Dorienses,

298 796 443 880 „qui
488 796 557 859 in
603 796 824 860 insulis
873 797 952 861 ad
1000 795 1174 862 Asiae
1221 820 1397 863 oram
1442 798 1582 862 sitis
1612 796 1995 863 habitabant
2029 796 2287 865 Ionibus
2317 801 2414 865 vi-

288 913 450 977 cini⁴‘
508 915 575 976 et
619 913 729 997 qui
784 910 989 993 „Iadis
1037 886 1335 1000 contagio
1377 915 1687 998 patebant
1726 913 2137 999 (Syracusani
2170 918 2414 1000 cett.)“.

504 1049 573 1090 εο
618 1029 683 1093 in
732 1050 798 1090 ευ
846 1029 1208 1096 confluunt:

507 1144 573 1227 1)
620 1145 688 1209 in
731 1146 944 1211 verbis
990 1147 1365 1212 contractis:
1414 1142 1683 1211 ὠθεῦνθ’
1731 1170 1790 1213 v.
1844 1149 1947 1228 73,
1997 1143 2311 1211 ἐνδινεῦντι
2355 1172 2412 1214 v.

303 1261 403 1340 82,
445 1259 754 1345 λαλεῦμες
800 1285 859 1328 v.
910 1264 1027 1342 923
2092 1262 2100 1270 ’

509 1379 575 1440 at
621 1382 842 1462 aperta
889 1382 1099 1444 exstat
1145 1379 1350 1444 forma
1396 1383 1708 1444 πονέονται
1754 1404 1812 1445 v.
1865 1381 2027 1460 1153

508 1492 575 1575 2)
622 1494 688 1558 in
734 1491 801 1558 II
847 1517 1014 1579 perS.
1063 1496 1229 1582 sing.
1277 1498 1475 1562 med.:
1525 1494 1784 1568 καθίζευ
1830 1520 1888 1563 v.
1939 1499 2000 1577 3,
2035 1495 2182 1582 ἔχευ
2212 1520 2272 1563 v.
2310 1499 2416 1578 68,

296 1609 502 1690 βιάζευ
548 1633 608 1675 v.
658 1610 764 1691 76,
808 1610 996 1683 λάζευ
1042 1635 1101 1676 v.
1151 1613 1256 1692 21,
1307 1608 1526 1698 ἁφίκευ
1572 1637 1631 1677 v.
1687 1613 1832 1680 149.

508 1726 847 1811 Duplicem
895 1728 1393 1794 contractionem
1438 1751 1695 1812 passum
1745 1733 1842 1794 est
1887 1737 2048 1792 κινεῦ
2097 1753 2154 1795 v.
2206 1732 2310 1796 29.

508 1841 744 1908 Solutae
793 1866 942 1909 vero
989 1847 1243 1909 exstant
1289 1865 1354 1906 εο
1400 1844 1468 1908 in
1514 1844 1823 1930 φυλάσσεο
1870 1869 1930 1910 v.
1983 1847 2099 1925 713

512 1962 576 2037 3)
647 1960 711 2024 in
784 1950 1083 2046 genitivis
1143 1961 1305 2047 sing.
1355 1961 1679 2026 nominum
1725 1962 1793 2026 in
1839 1982 1906 2031 ος
1953 1965 2017 2026 et
2061 1983 2138 2048 ης
2184 1984 2421 2027 exeun-

293 2076 458 2141 tium
505 2076 675 2160 apud
721 2076 1055 2161 plerosque
1103 2076 1449 2142 Dorienses
1497 2100 1622 2141 non
1657 2077 1945 2142 contrahi
1976 2079 2227 2143 vocales
2262 2054 2420 2144 Ahr.

294 2192 350 2261 1.,
390 2214 447 2257 c.
496 2194 623 2256 220
673 2193 874 2258 docet.
967 2191 1162 2278 Cujus
1209 2193 1463 2278 generis
1512 2196 1610 2258 est
1654 2189 1927 2275 Ἄργεος
1969 2192 2028 2258 ir.
2082 2194 2227 2259 142.

512 2309 580 2391 4)
627 2307 726 2373 De
773 2331 954 2393 pron.
1005 2330 1117 2394 μευ
1164 2333 1264 2374 vv.
1316 2311 1421 2388 31,
1473 2311 1577 2388 69,
1630 2310 1706 2375 71
1758 2310 1903 2374 vide
1951 2309 2140 2375 infra.

516 2426 579 2503 5)
626 2422 705 2488 In
764 2425 881 2490 fut.
946 2447 1011 2487 ευ
1070 2429 1331 2491 tuentur
1378 2421 1657 2508 οὶσεῦμες
1703 2448 1760 2490 v.
1814 2427 1962 2504 133,
2014 2421 2422 2489 ἐκκνοιισεῦντι

296 2565 357 2606 v.
410 2541 516 2605 88.

515 2678 647 2723 eoo:
698 2659 764 2722 in
810 2658 1165 2742 participiis
1212 2681 1397 2742 praes,
1450 2634 1786 2724 verborum
1824 2644 2291 2723 contractorum
2324 2680 2424 2721 εου

198 2758 228 2790 “
301 2775 474 2858 apud
542 2773 808 2840 Theocr.
879 2774 944 2839 in
1018 2795 1082 2843 ευ
1146 2775 1538 2840 coalescunt:
1614 2782 1903 2861 φορεῦσαι
1961 2797 2021 2840 v.
2074 2775 2218 2839 105.
2313 2773 2424 2839 Cfr

303 2889 464 2957 Ahr.
511 2890 553 2956 l.
603 2913 658 2954 c.
722 2892 871 2956 214.
965 2889 1237 2975 Oppelio
1295 2890 1340 2955 l.
1390 2913 1443 2956 c.
1492 2892 1583 2959 43
1636 2891 1913 2975 „aliquid
1961 2890 2279 2956 offendere
2327 2891 2424 2955 vi-

308 3007 521 3071 detur“
576 3006 716 3072 haec
763 3006 1176 3073 contrahendi
1208 3007 1389 3071 ratio.
1471 3006 1890 3091 „Hujusmodi
1921 3007 2163 3087 formae,
2195 3006 2423 3090 inquit,

305 3120 426 3188 huc
472 3144 671 3207 usque
712 3124 880 3207 apud
913 3122 1324 3188 Theocritum
1356 3122 1558 3187 solum
1589 3123 1959 3208 leguntur“.
2051 3121 2232 3203 Quod
2264 3123 2427 3188 falso

308 3240 622 3304 affirmare
672 3237 1015 3323 Oppelium
1061 3262 1138 3304 ex
1172 3262 1246 3304 eo
1277 3239 1656 3324 intellegere
1690 3238 1861 3320 licet,
1894 3239 2061 3323 quod
2085 3240 2223 3324 jam
2252 3238 2427 3304 Ren-

302 3378 420 3421 ner
468 3354 640 3421 Curt.
692 3353 872 3421 Stud.
919 3353 1014 3423 I:a
1063 3357 1188 3421 182
1236 3355 1427 3441 hujus
1469 3355 1725 3441 generis
1756 3355 1992 3421 formas
2025 3355 2280 3421 aliunde
2312 3378 2427 3440 pe-

308 3471 462 3537 tivit
525 3472 705 3537 velut
773 3466 1021 3534 οὶκεῦσοι
1090 3494 1123 3536 e
1194 3470 1559 3556 Phocylidis
1626 3472 1858 3557 fragm.
1931 3474 1991 3552 5,
2040 3473 2101 3551 2,
2152 3479 2429 3557 φρονεῦσι

302 3585 429 3666 (ΙΙΙ
475 3611 641 3672 pers,
690 3588 884 3673 plur.)
933 3610 1010 3652 ex
1058 3587 1429 3653 Archilochi
1472 3590 1845 3652 tetrametro
1879 3588 1983 3667 70,
2016 3589 2078 3665 3,
2111 3586 2429 3649 πλουτεῦσι

302 3700 452 3784 (ΙΠ.
522 3727 689 3789 pers,
759 3703 954 3789 plur.)
1004 3726 1081 3768 ex
1127 3701 1374 3769 Solonis
1420 3705 1653 3789 fragm.
1707 3704 1807 3784 15,
1860 3705 1916 3783 1,
1966 3702 2233 3789 φιλεῦσιν
2280 3699 2426 3784 (ΙΙΙ.

302 3843 472 3906 pers.
521 3821 711 3905 plur.)
779 3844 859 3886 ex
905 3819 1308 3905 Theognidis·
1339 3844 1399 3886 v.
1449 3820 1596 3884 871.
1689 3816 1918 3903 Neque
1964 3822 2180 3883 tamen
2224 3818 2429 3884 Mors-

303 3936 537 4002 bachio
583 3937 650 4001 in
695 3960 769 4003 eo
814 3960 940 4002 non
987 3936 1283 4001 assentiri
1315 3957 1590 4020 possum,
1624 3936 1793 4020 quod
1827 3934 1894 4017 (l.
1929 3956 1981 4000 c.
2019 3935 2129 4017 75)
2170 3935 2431 4015 „eodem

298 4055 449 4140 jure
499 4074 642 4118 cum
690 4052 1173 4119 Hemsterhusio
1236 4055 1545 4138 φέροισαι“
1615 4051 1810 4117 scribi
1853 4073 2037 4136 posse
2086 4050 2429 4118 contendit.
