3109 4859
1102 385 1178 394 --
1233 351 1357 412 103
1411 386 1487 393 -—

448 527 595 593 Jam
642 527 900 612 Krfiger
948 525 1112 609 A.·§
1167 529 1265 592 11.
1321 528 1419 590 14.
1469 526 1661 592 Anm.
1714 529 1745 590 1
1796 546 1825 589 ν
1858 527 2089 611 ubique
2122 525 2347 610 primi-

243 643 488 727 genium
538 664 672 707 esse
721 644 1061 708 contendit.
1153 641 1422 707 Kiihner
1466 665 1617 707 vero
1648 639 1700 706 I.
1737 643 2084 713 227—230
2118 644 2194 707 de
2226 641 2347 706 hac

241 758 418 823 litera
465 781 662 845 agens
708 760 831 823 nisi
878 760 944 823 in
992 759 1307 824 adverbiis
1353 759 1418 823 in
1467 759 1578 820 θεν
1628 758 2060 823 desinentibus
2094 781 2230 823 eam
2269 759 2347 822 ad

239 876 401 940 vocis
448 877 722 960 stirpem.
760 878 840 940 ab
886 876 1068 939 initio
1110 876 1493 959 pertinuisse
1539 878 1754 961 negat.
1849 874 2089 950 Quibus
2136 876 2203 938 in
2236 876 2348 938 ad-

241 992 469 1056 verbiis
514 1008 558 1053 ’ν
612 993 987 1077 primarium
1053 1013 1207 1069 esse,
1271 1014 1391 1056 non
1455 992 1914 1077 paragogicum
1974 1014 2347 1076 persuasum

242 1107 478 1172 habent
546 1110 739 1174 etiam
770 1162 774 1166 <
808 1108 1132 1174 Deventer
1201 1112 1264 1172 et
1308 1095 1604 1172 Maassen
1652 1108 1720 1189 (l.
1770 1129 1823 1173 c.
1874 1093 2032 1184 35).
2097 1105 2343 1172 Ibidem

238 1225 492 1289 44—45
541 1225 770 1304 Christ,
819 1226 893 1290 L.
943 1225 1181 1309 Meyer,
1230 1224 1300 1289 F.
1350 1224 1640 1303 Mueller,
1688 1224 2012 1288 Deve-nter
2058 1245 2087 1286 ν
2132 1224 2360 1324 ἱὲθιῇω1

234 1362 514 1423 personae
584 1341 748 1426 sing.
820 1341 1288 1425 praeteritorum
1357 1342 1423 1404 in
1495 1362 1522 1400 ε
1592 1340 1904 1406 desinenti
1965 1340 2221 1407 affixum
2276 1340 2342 1403 in

236 1456 439 1521 locum
510 1458 742 1522 veteris
800 1479 849 1529 τ,
898 1479 1014 1540 per
1060 1458 1224 1540 quod
1272 1456 1386 1520 has
1434 1458 1669 1521 formas
1715 1456 1866 1520 olim
1913 1456 2140 1520 exiisse
2188 1456 2345 1520 satis

237 1578 494 1652 constat,
543 1573 916 1637 successisse
963 1576 1188 1655 putare
1237 1573 1561 1649 dicuntum
1583 1585 1586 1588 ’
1612 1594 1752 1655 quae
1787 1576 1999 1636 tamen
2031 1572 2348 1636 sententia

236 1689 336 1752 vix
383 1690 542 1753 mihi
589 1690 918 1772 probatur.
1013 1689 1266 1753 Curtius
1312 1687 1586 1753 Grundz.
1639 1690 1897 1753 54--55
1945 1688 2013 1751 in
2062 1688 2203 1751 aliis
2235 1710 2348 1751 vo-

239 1805 410 1870 cibus
458 1805 852 1889 primarium,
899 1805 963 1868 in
1014 1804 1154 1868 aliis
1188 1805 1577 1868 extrinsecus
1608 1805 1878 1888 petitum
1914 1826 2049 1868 esse
2081 1825 2109 1866 ν
2145 1804 2346 1869 docet.

235 1917 558 1985 Interdum
625 1921 782 1984 illud
854 1942 882 1982 ν
952 1920 1164 1999 finale,
1213 1922 1293 1985 ab
1341 1920 1524 1985 initio
1574 1943 1611 1983 a
1657 1921 1855 2003 stirpe
1904 1921 2199 1999 alienum,
2248 1942 2347 1983 so-

236 2036 355 2104 lide
404 2060 550 2102 cum
596 2037 794 2120 stirpe
843 2037 1233 2101 concrevisse
1282 2036 1483 2119 (velut
1526 2036 1595 2100 in
1641 2058 1787 2121 gen.
1851 2058 2024 2120 cypr.
2076 2033 2347 2118 ἁργύρων

238 2180 314 2204 ==
363 2148 653 2236 ἀργὺρου)
713 2131 947 2232 monet,
1009 2153 1279 2235 denique
1338 2151 1620 2236 ejusdem
1668 2151 1921 2237 generis
1970 2174 2105 2216 esse
2151 2152 2271 2216 hoc
2318 2172 2347 2212 ν

236 2255 418 2333 finale
493 2272 683 2352 atque
749 2268 1031 2332 nasalem
1085 2268 1263 2332 illam
1308 2269 1372 2332 in
1424 2268 1662 2332 medias
1706 2290 1889 2333 voces
1936 2266 2137 2350 (velut
2182 2265 2347 2345 Λυγ-

237 2385 372 2454 κεὺς
421 2408 456 2449 e
505 2385 638 2448 rad.
689 2383 804 2445 λυκ
850 2385 1049 2463 verbi,
1098 2386 1264 2467 quod
1311 2387 1408 2448 est
1455 2383 1716 2466 λεΰσσω)
1766 2386 1829 2446 et
1873 2384 1940 2447 in
1986 2384 2188 2467 ipsam
2238 2406 2348 2448 vo-

237 2499 320 2562 cis
365 2501 647 2565 radicem
694 2500 895 2582 (velut
939 2500 1229 2578 θιγγάνω,
1278 2499 1591 2584 λαμβάνω,
1641 2499 1946 2573 λανθάνω,
1996 2500 2072 2563 de
2118 2500 2347 2583 quibus

237 2615 327 2679 cfr
370 2616 568 2682 Verb.
618 2614 669 2682 I.
720 2616 1095 2699 252-254)
1143 2616 1411 2725 ast-:itam
1458 2618 1659 2681 docet.
1753 2615 1826 2682 G.
1882 2616 2146 2700 >Meyero
2194 2618 2346 2692 (296

237 2734 475 2817 ——299)
522 2755 893 2816 persuasum
940 2754 1076 2796 esse
1125 2733 1374 2797 videtur
1420 2733 1597 2797 velut
1642 2754 1671 2794 ν
1719 2733 1785 2796 in
1828 2731 2053 2797 mediis
2085 2733 2345 2797 vocibus

237 2852 375 2913 ante
424 2871 726 2914 consonas
772 2849 1049 2933 positum
1094 2849 1186 2913 ita
1231 2869 1259 2910 ν
1305 2848 1496 2912 finale
1542 2849 1610 2911 in
1655 2848 1946 2932 populari
1977 2849 2347 2931 pronuntia-

235 2963 398 3029 tione
469 2969 601 3029 tam
672 2965 902 3029 exilem
963 2965 1262 3034 habuisse
1309 2986 1552 3043 sonum,
1603 2968 1673 3028 ut
1715 2965 1783 3027 in
1831 2964 2080 3049 vulgari
2126 2985 2347 3027 recen-

236 3079 407 3145 tioris
456 3083 663 3160 aetatis
709 3082 932 3166 lingua
977 3104 1146 3165 saepe
1193 3103 1448 3164 prorsus
1493 3083 1919 3161 evanesceret,
1952 3101 2076 3164 quo
2107 3079 2348 3144 factum

239 3215 368 3260 esse
416 3198 758 3277 contendit,
807 3201 878 3261 ut
925 3199 1145 3261 eodem
1192 3201 1474 3279 tempore
1532 3197 1770 3260 eaedem
1817 3196 2040 3281 figurae
2087 3197 2270 3261 modo
2318 3215 2347 3258 ν

241 3310 408 3377 finali
477 3297 804 3377 instructae
877 3314 1059 3377 modo
1125 3312 1246 3377 hac
1314 3313 1504 3376 litera
1551 3316 1840 3376 carentes
1886 3314 2346 3395 usurparentur

240 3427 368 3491 tum
433 3411 582 3494 vero
652 3452 729 3493 ex
798 3452 998 3513 prava
1053 3429 1278 3492 harum
1325 3429 1676 3513 figurarum
1724 3427 2020 3512 analogia
2065 3430 2349 3492 oreretur

242 3546 636 3625 consuetudo,
706 3550 777 3609 ut
832 3545 1115 3609 nasalem
1161 3545 1239 3608 iis
1287 3566 1533 3629 quoque
1583 3544 1840 3609 vocibus
1887 3544 2079 3629 vulgo
2126 3544 2347 3628 affige-

242 3664 392 3740 rent,
440 3663 668 3745 quibus
717 3663 796 3726 ab
841 3662 1025 3725 initio
1073 3660 1282 3725 aliena
1328 3662 1554 3725 fuisset
1599 3660 1735 3724 haec
1768 3660 1974 3724 litera.
2068 3658 2345 3724 Auctore

242 3768 490 3859 Meyero
557 3799 585 3840 ν
654 3777 1110 3863 paragogicum
1162 3776 1492 3840 attrahunt
1537 3777 1756 3840 formae
1804 3774 2090 3840 verbales
2136 3775 2345 3839 tertiae

245 3907 513 3968 personae
562 3895 726 3978 sing.
777 3897 841 3957 et
886 3893 1050 3977 plur.
1097 3914 1213 3975 per
1260 3912 1318 3953 σι
1367 3896 1667 3957 exeuntes
1712 3874 2186 3977 (primigeniam
2216 3894 2346 3956 ter-

244 4005 645 4075 minationem
714 4031 800 4072 ντι
869 4033 906 4074 a
970 4008 1384 4074 Doriensibus
1432 4011 1750 4074 servatam
1795 4028 1823 4069 ν
1871 4029 2169 4093 respuere
2211 4008 2342 4094 jam
