3109 4859
561 1316 1042 1385 Summarium
1091 1337 1357 1389 eorum,
1407 1337 1567 1402 quae
1610 1316 1748 1382 hac
1797 1314 2404 1382 commentatione

422 1608 851 1667 Praeniittenda
883 1649 1889 1666 ................
1939 1625 2118 1681 pagg.

655 1698 705 1755 I.
745 1685 922 1766 “Quae
984 1697 1041 1753 in
1091 1697 1207 1754 idd.
1258 1696 1368 1753 XV
1416 1699 1474 1753 et
1521 1695 1693 1752 XXII
1739 1695 1892 1752 inter

628 1965 704 2022 II.

596 2054 704 2113 III.

607 2231 711 2287 IV.

638 2495 713 2553 V.

612 2585 714 2641 VI.

577 2673 714 2731 VII.

548 2763 711 2821 VIII.

608 2853 713 2912 IX.

636 2943 709 3000 X.

609 3031 714 3090 XI.

578 3118 713 3177 XII.

547 3206 713 3264 XIII.

553 3295 711 3354 XIV.

589 3385 718 3443 XV.

553 3473 714 3532 XVI.

524 3650 717 3711 XVII.

491 3825 713 3890 XVIII.

555 3919 714 3981 XIX.

588 4009 696 4066 XX

419 4173 434 4190 .
554 4054 715 4156 xxi]

1243 1430 1732 1498 continentur.

776 1787 1059 1844 aeol.-dor.
1120 1786 1367 1860 longum
1431 1799 1469 1838 α
1527 1787 1587 1841 et
1626 1784 1882 1841 ion.-att.

774 1890 812 1954 η
858 1875 1187 1933 intercedat
1233 1874 1405 1943 ratio,
1457 1874 1812 1948 exponitur.
1865 1867 1903 1929 .‘

776 1965 861 2021 De
909 1980 947 2043 η
996 1964 1173 2021 etiam
1219 1963 1279 2020 in
1328 1962 1545 2020 Doride
1590 1964 1880 2036 usurpato

777 2055 864 2111 De
924 2069 976 2107 ει
1037 2058 1096 2111 et
1155 2069 1172 2108 ι
1218 2051 1606 2127 productione
1653 2052 1883 2125 Supple-

775 2143 928 2200 toria
977 2144 1129 2199 natis
1204 2183 1880 2201 ...........
1928 2140 1935 2147 ’

786 2232 871 2287 De
942 2247 1008 2302 ω,
1077 2246 1169 2301 ου,
1218 2246 1273 2286 οι
1320 2230 1708 2306 productione
1756 2247 1888 2305 sup-

779 2320 1029 2392 pletoria
1076 2321 1219 2378 ortis
1268 2360 1879 2379 ..........

855 2406 943 2463 De
990 2409 1282 2466 vocalium
1332 2428 1622 2467 concursu
1669 2451 1681 2464 .
1735 2452 1746 2463 .
1802 2452 1815 2466 .
1867 2451 1880 2465 .

784 2496 872 2553 De
922 2510 961 2549 α
1141 2515 1272 2553 cum
1320 2498 1589 2573 sequenti
1636 2496 1826 2555 vocali
1871 2541 1884 2554 .

786 2584 873 2642 De
924 2599 950 2638 ε

785 2674 874 2730 De
922 2688 961 2751 η

784 2763 871 2820 De
921 2777 953 2817 ο

784 2852 872 2910 De
921 2867 953 2906 υ
1001 2854 1061 2908 et
1108 2865 1140 2905 0
1196 2897 1219 2924 „

782 2942 869 3000 De
919 2940 1069 3000 crasi
1142 2984 1883 3001 ............

785 3032 968 3089 Varia
1018 3030 1086 3087 de
1134 3029 1436 3088 vocalibus
1474 3073 1883 3090 .......

785 3121 873 3177 De
921 3119 1232 3196 explosivis
1281 3120 1546 3177 consonis
1606 3164 1883 3179 .....

786 3208 873 3264 De
918 3209 1157 3283 liquidis
1205 3212 1265 3266 et
1310 3209 1610 3268 nasalibus
1674 3253 1688 3272 .
1740 3253 1753 3267 .
1807 3253 1819 3267 .
1871 3253 1884 3266 .

784 3297 871 3353 De
920 3298 1191 3355 sibilante
1274 3343 1285 3354 .
1341 3343 1352 3356 .
1407 3317 1422 3354 .⁴
1474 3342 1886 3357 .......

792 3386 878 3442 De
927 3386 1128 3443 aeolico
1177 3380 1248 3441 σδ
1293 3406 1403 3463 pro
1451 3383 1481 3452 ζ
1537 3430 1884 3446 ......

789 3474 874 3531 De
920 3474 1165 3532 flexione
1211 3476 1481 3552 stirpium
1533 3497 1639 3553 per
1687 3491 1725 3530 α
1773 3495 1896 3534 exe·

783 3563 1016 3620 untium
1079 3607 1885 3625 .............

789 3652 875 3710 De
921 3652 1166 3711 flexione
1212 3653 1488 3727 stirpium
1533 3675 1640 3730 per
1688 3669 1719 3710 0
1767 3674 1889 3713 exe-

781 3741 1017 3799 untium
1075 3785 1883 3805 .............

784 3832 873 3890 De
922 3831 1129 3889 ceteris
1177 3831 1460 3906 stirpibus
1493 3832 1886 3891 nominalibus

786 3922 872 3979 De
920 3921 1103 3996 stirpe
1152 3921 1615 3979 demonstrativa
1673 3965 1686 3979 .
1739 3964 1752 3978 .
1806 3966 1818 3978 .

786 4010 873 4068 De
920 4009 1365 4086 pronominibus
1420 4028 1576 4085 perS.
1625 4013 1685 4067 et
1728 4028 1883 4084 poss·

782 4100 871 4158 De
918 4100 1163 4159 flexione
1211 4100 1529 4158 verborum
1609 4142 1887 4158 .....

2263 1605 2452 1665 1—5.

2262 1873 2497 1931 6—17.

2220 1961 2494 2019 17-25.

2220 2140 2496 2198 25-m30.

2221 2318 2498 2376 30—-35.

2221 2407 2499 2464 36—53.

2114 2495 2121 2502 “
2222 2496 2499 2553 36—-41.

2220 2585 2500 2643 41--46.

2221 2674 2324 2731 47.

2220 2763 2500 2820 47—52.

2221 2853 2323 2909 52.

2223 2941 2500 2999 52—53.

2224 3031 2502 3089 54—59.

2225 3120 2502 3177 59—65.

2224 3209 2503 3266 65—68.

2225 3298 2502 3355 69-73,

2228 3387 2328 3445 73.

2230 3564 2504 3624 73—75.

2227 3742 2502 3802 75—77.

2226 3832 2503 3891 77--81.

2223 3922 2326 3980 81.

2222 4010 2504 4072 81--87.

2223 4100 2503 4163 87—92.
