3109 4859
1218 377 1605 442 —135—

350 555 549 628 mario
615 563 890 644 ftofwss
948 557 1156 632 ortum
1201 555 1285 618 sit
1330 554 1454 638 (cfr
1500 554 1655 619 Curt
1699 555 1742 620 l.
1793 577 1844 619 c.
1896 556 2046 635 378,
2095 539 2271 619 Kno's
2316 553 2358 618 l.
2409 576 2463 618 c.

354 670 476 734 129
549 675 691 754 sq.)‚
760 672 1092 754 productio
1168 691 1185 731 ι
1252 671 1487 735 vocalis
1546 671 1814 762 fortasse
1864 672 2134 736 debetur
2180 669 2465 735 consonis

350 793 459 872 of,
510 809 649 870 quae
699 786 850 851 olim
897 787 964 850 in
1010 787 1219 851 media
1266 808 1416 853 voce
1463 788 1690 870 positae
1740 792 1940 851 erant.

560 899 747 984 ὄρνις
818 903 1014 967 semel
1082 879 1315 987 anceps
1370 904 1705 985 ‚invenitur
1775 925 1821 965 t:
1891 901 2102 968 XVII.
2178 905 2257 968 73
2306 900 2466 985 ὄρνις

347 1019 499 1094 (arsi
545 1018 687 1096 VI.)
778 1019 1024 1084 Formae
1072 1019 1350 1103 plurales
1397 1020 1632 1106 ubique
1680 1021 1942 1105 longum
1991 1042 2011 1082 ι
2056 1022 2294 1085 tenent.

559 1138 693 1216 πρίν
739 1136 1086 1219 saepissime
1135 1137 1391 1201 brevem
1423 1138 1671 1220 praebet
1701 1137 2005 1215 vocalem,
2037 1137 2298 1224 longam
2327 1139 2460 1202 ter:

344 1249 550 1316 XXV.
601 1249 727 1315 222
777 1251 971 1334 (thesi
1018 1249 1096 1335 I),
1147 1254 1275 1316 258
1324 1253 1518 1333 (thesi
1564 1253 1673 1337 V),
1723 1255 1850 1318 263
1899 1254 2051 1330 (arsi
2094 1251 2203 1330 II).
2244 1291 2321 1298 —
2366 1253 2464 1318 De

344 1368 611 1451 ancipiti
656 1368 899 1433 voculae
948 1390 1243 1433 mensura
1290 1370 1458 1453 apud
1507 1369 1853 1434 Homerum
1900 1370 2043 1433 vide
2093 1370 2269 1434 Knos
2315 1370 2356 1433 l.
2406 1392 2461 1434 c.

344 1485 471 1563 25,
525 1485 599 1548 de
672 1488 883 1569 etymo
942 1485 1117 1548 Knos
1164 1485 1205 1548 l.
1257 1508 1311 1550 c.
1361 1486 1509 1566 346,
1562 1485 1734 1550 Curt.
1786 1485 2057 1551 Grundz.
2112 1486 2258 1550 284.
2355 1485 2466 1550 cfr

343 1601 539 1665 etiam
588 1600 760 1666 Curt.
809 1599 984 1665 Stud.
1034 1600 1149 1666 IV.
1197 1602 1347 1681 477,
1395 1601 1614 1666 Rzach
1646 1589 1701 1666 Ι1.
1752 1624 1805 1667 c.
1856 1605 1939 1667 54
1987 1625 2081 1686 sq.
2514 1583 2530 1604 ⁶

922 1835 943 1870 f
1389 1810 1423 1849 υ

560 1949 732 2032 δρῦς;
804 1973 1020 2015 omnes
1081 1973 1223 2034 quae
1273 1951 1441 2034 apud
1486 1947 1895 2015 Theocritum
1944 1953 2195 2015 exstant
2242 1951 2459 2016 formae

340 2065 533 2151 hujus
579 2068 751 2132 vocis
798 2069 988 2132 breve
1036 2069 1259 2131 tenent
1305 2088 1358 2140 υ,
1407 2088 1532 2151 quo
1579 2067 1774 2130 etiam
1818 2067 2089 2151 praedita
2119 2070 2267 2131 sunt
2301 2066 2464 2149 δρὺι-

343 2202 444 2252 νος
491 2187 555 2246 et
603 2178 898 2268 δρυτόμος
941 2183 1267 2249 vocabula.
1359 2183 1655 2268 Longum
1702 2205 1852 2247 vero
1901 2204 1933 2244 υ
1979 2183 2046 2247 in
2096 2182 2320 2268 δρΰμός
2365 2184 2464 2247 in-

342 2300 614 2363 venitur.
708 2298 818 2363 cfr
865 2299 1036 2364 Curt.
1088 2297 1359 2364 Grundz.
1410 2301 1537 2363 238
1586 2321 1679 2382 sq.

557 2416 862 2499 θυγάτηρε
912 2415 1109 2480 semel
1153 2418 1404 2479 tantum
1449 2416 1823 2499 productam
1870 2416 2115 2498 praebet
2145 2416 2458 2500 syllabam

341 2532 647 2616 primam:
720 2527 896 2596 XVI.
972 2533 1097 2595 102
1146 2532 1480 2613 θυγατέρες
1527 2529 1722 2612 (thesi
1769 2529 1852 2608 I);
1903 2534 2184 2596 ceterum
2229 2532 2463 2616 ubique

345 2650 536 2713 breve
583 2670 615 2709 υ
663 2650 970 2712 servatur.
1063 2646 1232 2711 Satis
1290 2651 1537 2711 constat
1584 2647 1930 2712 Homerum
1977 2647 2169 2732 hujus
2215 2649 2384 2712 vocis
2433 2670 2465 2710 o

340 2764 410 2829 in
455 2753 761 2829 omnibus*
793 2764 1011 2838 formis
1044 2766 1345 2847 quattuor
1374 2763 1478 2827 vel
1508 2764 1789 2847 quinque
1822 2764 2101 2848 syllabas
2134 2766 2462 2830 continen-

240 2956 245 2961 ,
342 2882 512 2945 tibus
557 2881 744 2945 metri
794 2902 986 2944 causa
1031 2880 1399 2964 producere.

556 2998 689 3059 θύω
758 2998 927 3081 apud
957 2995 1390 3060 Theocritum
1449 2996 1575 3060 nisi
1619 2997 1688 3060 in
1733 2996 2098 3082 significatu
2144 2996 2461 3080 sufflandi,

341 3112 745 3196 sacrificandi
803 3117 1176 3197 usurpatum
1221 3135 1347 3177 non
1403 3115 1519 3177 est.
1589 3112 1709 3176 Hae
1755 3113 2164 3177 inveniuntur
2203 3113 2460 3179 formae:

342 3216 563 3292 θίἷωντι
628 3225 743 3294 IV.
791 3231 895 3309 21,
943 3229 1115 3291 θΰσῶ
1163 3225 1248 3292 II.
1297 3231 1401 3304 33,
1454 3226 1654 3301 ἔθΰσα
1698 3227 1780 3295 V.
1831 3227 1935 3309 81,
1986 3227 2174 3292 ἔθῦσε
2219 3228 2299 3294 V.
2356 3232 2457 3311 11,

343 3335 548 3415 θὸσας
594 3345 675 3409 V.
728 3346 874 3409 139.
967 3343 1168 3410 Seiler
1212 3345 1255 3409 l.
1304 3367 1357 3409 c.
1409 3345 1536 3409 304
1583 3349 1796 3409 monet
1840 3344 1958 3410 hoc
1998 3347 2260 3411 verbum
2297 3346 2464 3430 apud

345 3462 696 3527 Homerum
745 3462 938 3524 etiam
982 3462 1047 3524 in
1095 3461 1317 3525 formis
1349 3460 1685 3545 praesentis
1719 3464 1784 3524 et
1815 3461 2176 3545 imperfecti
2206 3461 2459 3549 longum

343 3600 378 3640 o
446 3582 685 3657 tenere,
747 3578 1126 3661 ubicumque
1172 3578 1239 3641 in
1286 3578 1751 3663 significatione
1796 3577 2058 3660 furendi
2101 3582 2461 3662 usurpetur,

345 3696 535 3759 breve
598 3698 809 3758 autem
856 3714 890 3753 υ
950 3695 1199 3758 exstare
1256 3693 1321 3757 in
1368 3694 1495 3758 illis
1542 3694 1783 3773 formis,
1832 3715 2026 3778 quum
2072 3693 2311 3776 suffire,
2362 3715 2462 3758 sa-

276 3864 281 3868 .
345 3809 627 3891 crificare
693 3808 1011 3894 significet
1069 3810 1332 3873 verbum
1383 3808 1678 3892 (excepto
1723 3811 1941 3874 tamen
1987 3809 2102 3870 θῦε
2150 3807 2268 3874 Od.
2315 3808 2455 3874 XV.

348 3924 522 4009 222).
618 3925 728 3991 cfr
775 3925 951 3992 curt.
997 3924 1040 3991 1.
1090 3946 1142 3990 ε.
1193 3925 1342 3991 259.
