3109 4859
713 542 881 610 hune
948 543 1176 612 locum.
1269 544 1450 611 Alias
1517 568 1770 630 semper
1823 547 1994 611 vocis
2040 542 2309 616 Ἄδωνις
2355 546 2590 612 formas
2636 546 2832 631 scripff

713 663 797 727 sit
842 666 1050 746 poeta.

786 781 793 790 '
1541 804 1617 869 In
1664 805 1748 870 id.
1798 803 2008 871 XXII.

925 948 1022 1012 De
1092 949 1645 1014 terminationibus
1718 950 1915 1013 dativi
1987 949 2174 1032 plur.‚
2223 950 2298 1013 de
2348 950 2569 1013 solutis
2620 951 2830 1014 formis

711 1066 1039 1129 nominum
1070 1066 1133 1129 in
1169 1085 1256 1138 ος,
1289 1085 1365 1149 ης
1396 1064 1567 1150 (gen.
1605 1069 1728 1142 εος)
1763 1065 2204 1144 desinentium,
2242 1067 2316 1129 de
2351 1066 2532 1148 epica
2564 1066 2830 1129 flexione

711 1181 1035 1267 nominum
1080 1203 1198 1264 per
1244 1202 1347 1249 ευς
1393 1181 1764 1244 exeuntium
1810 1203 2003 1264 supra
2037 1181 2374 1264 disputavi.
2469 1180 2572 1245 Ad
2607 1183 2830 1246 substt.

713 1298 779 1361 in
827 1319 928 1368 ευς
975 1297 1330 1362 desinentia
1372 1298 1541 1380 quod
1590 1297 1839 1374 attinet,
1888 1299 2135 1360 tantum
2183 1279 2411 1376 restat,
2462 1300 2530 1359 ut
2580 1298 2656 1361 de
2706 1298 2833 1361 for-

712 1414 851 1491 mis,
924 1436 1063 1498 quae
1135 1416 1282 1478 sunt
1351 1408 1733 1498 ἀριστήεσσιν
1802 1437 1859 1477 v.
1936 1414 2061 1477 154
2134 1416 2197 1477 et
2244 1401 2550 1475 τοκέεσσιν
2596 1436 2656 1478 v.
2712 1414 2830 1476 159

598 1545 603 1562 ¹
716 1552 924 1616 agam.
1018 1530 1324 1595 Dativum
1380 1529 1543 1613 plura
1605 1530 1964 1614 hujusmodi
2013 1530 2308 1613 stirpium
2355 1530 2417 1593 in
2470 1531 2655 1614 epiea
2701 1519 2833 1593 'dia-

712 1646 877 1711 lecto
949 1653 1075 1707 εῦσι
1146 1646 1387 1709 exitum
1456 1646 1828 1730 plerumque
1899 1645 2137 1710 habere
2185 1645 2338 1709 satis
2387 1650 2674 1724 constat3
2724 1646 2832 1708 sed

710 1763 877 1846 apud
926 1762 1274 1826 Homerum
1322 1775 1568 1846 quoque
1618 1758 1999 1847 ἀριστήεσσιν
2045 1762 2283 1846 legitur
2329 1758 2404 1827 Il.
2454 1760 2503 1825 I.
2557 1763 2709 1837 227,
2753 1758 2829 1824 V.

711 1878 837 1942 206
887 1877 981 1955 (in
1028 1878 1245 1942 eadem
1297 1901 1514 1943 versus
1562 1880 1709 1942 sede
1744 1882 1932 1961 atque
1964 1876 2117 1958 hic),
2152 1876 2263 1941 IX.
2300 1879 2444 1943 334.
2485 1915 2565 1922 —
2603 1878 2828 1943 Forma

708 2017 849 2078 quae
921 1997 1018 2057 est
1087 1990 1391 2057 τοκέεσσιν
1458 2017 1576 2078 per
1646 1994 2011 2078 analogiam
2079 1994 2229 2058 ficta
2298 1995 2570 2060 videtur.
2666 1993 2824 2059 Satis

710 2110 880 2173 enim
928 2113 1174 2174 constat
1222 2111 1388 2194 apud
1437 2107 1785 2174 Homerum
1834 2132 2135 2195 magnam
2182 2111 2357 2174 illam
2402 2112 2653 2194 copiam
2686 2111 2819 2173 sub-

708 2226 1124 2290 stantivorum
1170 2249 1285 2310 per
1329 2246 1431 2295 ευς
1462 2226 1826 2289 exeuntium
1861 2225 2209 2309 saepissime
2243 2225 2479 2292 formas
2511 2229 2823 2292 variantes

707 2342 773 2405 in
841 2363 918 2427 ης
974 2348 1144 2427 (gen.
1198 2342 1320 2426 εος)
1370 2343 1729 2406 desinentes
1776 2364 2103 2426 usurpare.
2195 2342 2470 2426 Magnus
2519 2348 2622 2408 est
2669 2339 2825 2426 apud

707 2458 1056 2523 Homerum
1125 2480 1423 2522 numerus
1491 2459 1717 2522 vocum
1786 2458 1853 2521 in
1925 2479 2025 2526 ευς
2072 2459 2512 2536 desinentium,
2561 2477 2824 2542 quarum

712 2574 1032 2659 genitivus
1078 2596 1194 2658 per
1240 2594 1341 2643 εος
1387 2574 1537 2638 exit.

918 2708 1016 2772 De
1089 2707 1432 2771 Homerica
1501 2707 1708 2771 forma
1768 2703 1963 2791 ’Ἄρηι
2009 2731 2068 2773 v.
2119 2709 2243 2773 175
2292 2707 2434 2772 vide
2484 2705 2555 2770 Gr.
2610 2707 2825 2790 Meyer

708 2825 857 2890 314.
950 2821 1142 2908 Apud
1191 2822 1540 2888 Homerum
1587 2824 1777 2887 etiam
1823 2820 2011 2905 Ἀρει
2056 2824 2314 2908 legitur.

916 2958 1229 3040 θὺγατρας
1298 2981 1357 3024 v.
1432 2959 1577 3023 147.
1694 2956 1878 3022 Hanc
1949 2958 2292 3022 accusativi
2362 2958 2632 3022 formam
2702 2976 2820 3022 sec.

707 3074 780 3140 G.
851 3074 1075 3160 Meyer
1145 3075 1270 3140 345
1337 3077 1435 3138 ter
1481 3074 1811 3158 usurpavit
1860 3073 2192 3138 Homerus.
2286 3072 2396 3138 Cfr
2441 3074 2703 3160 Krfiger
2748 3070 2819 3134 B.

707 3215 770 3276 p.
821 3193 926 3272 49,
974 3213 1098 3256 van
1144 3190 1457 3256 Leeuwen
1506 3193 1571 3253 et
1616 3189 1881 3254 Mendes
1929 3191 2007 3253 da
2056 3189 2243 3253 Costa
2290 3191 2394 3255 47.

916 3330 1043 3403 υἱός
1087 3357 1187 3400 vv,
1236 3336 1342 3414 95,
1392 3334 1539 3414 115,
1589 3328 1694 3394 υἱώ
1741 3356 1799 3398 v.
1848 3333 2007 3410 1373
2078 3333 2189 3398 sed
2246 3333 2587 3399 Homerica
2618 3334 2821 3398 forma

705 3445 782 3512 υἷ’
831 3446 973 3532 (υἷε)
1024 3473 1080 3514 v.
1132 3452 1278 3516 139.
1373 3449 1511 3514 Hoc
1563 3450 1958 3528 vocabulum,
2008 3474 2045 3514 a
2091 3450 2302 3518 radice
2336 3472 2407 3512 oo
2441 3450 2550 3532 (=
2584 3469 2817 3514 sanscr.

700 3588 777 3630 su
844 3566 911 3630 in
978 3566 1307 3649 de·a·mi,
1377 3561 1638 3648 ssia-mi)
1709 3567 1942 3649 repetit
2012 3566 2264 3631 Curtius
2329 3566 2599 3631 Grundz.
2670 3564 2815 3638 395,

705 3684 853 3748 654.
945 3682 1042 3747 De
1112 3683 1305 3748 variis
1361 3682 1534 3748 vocis
1571 3659 1889 3767 ‘stirpibus
1938 3683 2242 3748 Baunack
2292 3682 2464 3747 Curt.
2513 3680 2691 3748 Stud.
2737 3678 2814 3743 X.

704 3800 958 3865 88—91
1011 3800 1312 3883 disputat.

749 3922 755 3928 ’
910 3915 1099 3983 Hom.
1168 3920 1357 4001 χροός
1413 3915 1523 3998 (-—-=
1575 3920 1689 3982 att.
1736 3919 1997 4001 χρωτός)
2045 3940 2103 3982 v.
2158 3918 2300 3980 188.
2396 3914 2507 3979 Cfr
2553 3913 2815 3980 Kiihner

700 4030 750 4098 I.
824 4034 972 4113 394,
1046 4031 1219 4098 Curt.
1288 4033 1333 4098 l.
1403 4054 1457 4098 e.
1533 4034 1681 4113 114,
1745 4035 1893 4109 204,
1942 4033 2207 4118 Brugm.
2257 4032 2429 4097 Curt.
2478 4031 2656 4096 Stud.
2703 4022 2812 4093 IV.
