3109 4859
1539 386 1883 449 —22-

654 562 878 649 Vergl.
949 563 1163 628 Gram.
1226 560 1277 628 I.
1327 565 1429 642 63,
1478 565 1627 643 423,
1678 565 1829 627 463,
1920 563 2071 640 Quae
2122 585 2267 627 cum
2312 565 2405 628 ita
2450 565 2597 642 sint,
2647 564 2765 649 hy-

652 681 1049 764 perdoricum
1119 681 1470 763 putandum
1517 683 1613 744 est
1659 679 1816 743 illud
1864 676 2001 764 μᾶν,
2052 682 2229 764 cujus
2276 681 2542 746 Meister
2590 682 2764 748 Curt.

653 797 831 861 Stud.
880 795 993 862 IV.
1045 799 1173 896 383
1219 796 1605 861 mentionem
1655 796 1828 860 fecit.

867 912 965 978 De
1013 914 1326 998 adjectivo
1376 915 1545 996 quod
1593 916 1690 976 est
1737 915 1995 998 πετεηνὰ
2039 937 2098 978 v.
2152 915 2275 977 118
2323 914 2461 978 haec
2510 919 2606 979 est
2644 915 2769 980 Le-

654 1031 859 1094 skieni
929 1031 1246 1094 sententia
1316 1029 1517 1107 (Curt.
1592 1028 1769 1093 stud.
1819 1026 1903 1093 II.
1958 1031 2102 1094 101.
2151 1034 2280 1095 not.
2331 1033 2429 1106 5):
2502 1032 2771 1117 Legitur

655 1141 938 1230 πετεηνὸς
1004 1138 1121 1230 pro
1193 1167 1585 1230 πετεσ-ηνο-ς
1653 1146 1763 1229 (=
1841 1145 2049 1231 „Flug
2103 1145 2448 1230 habend“),
2519 1149 2687 1233 quod
2734 1173 2784 1231 a,
2881 1152 2895 1179 ⁸

655 1262 851 1346 stirpe
913 1283 1090 1332 πετες
1149 1262 1396 1346 antiqui
1444 1263 1715 1326 nominis
1765 1265 1941 1332 πέτος
1989 1263 2202 1327 addito
2248 1264 2472 1328 suffixo
2516 1284 2625 1348 ηνο
2671 1288 2772 1329 re-

654 1380 999 1463 petendum
1048 1384 1174 1454 est3
1246 1401 1324 1442 ex
1372 1381 1657 1462 πετεηνός
1704 1378 2130 1443 contractione
2177 1382 2400 1443 natum
2448 1384 2544 1444 est
2590 1401 2771 1465 πετη-
2852 1407 2858 1421 ’

655 1500 790 1568 νός;
841 1497 1047 1560 forma
1093 1517 1233 1579 quae
1273 1498 1368 1558 est
1415 1498 1689 1564 πετεινός,
1729 1495 1808 1558 ad
1855 1515 2205 1564 πετεσ-νὼς
2251 1496 2609 1560 reducenda
2655 1502 2769 1562 est.

655 1612 941 1677 Atticam
986 1613 1257 1676 formam
1303 1615 1603 1680 πετεεινός
1651 1647 1730 1656 --
1782 1633 1922 1695 quae
1970 1634 2123 1675 num
2169 1633 2236 1675 re
2279 1635 2429 1676 vera
2478 1635 2774 1697 umquam

656 1729 993 1806 exstiterit,
1063 1727 1247 1792 valde
1317 1727 1566 1792 dubitat
1638 1764 1716 1772 -—
1791 1727 1921 1791 ullo
1991 1728 2175 1792 modo
2238 1728 2544 1812 explicari
2590 1752 2774 1812 posse

655 1847 870 1930 negat.
965 1844 1169 1919 Quum
1241 1865 1390 1908 vero
1461 1844 1629 1927 apud
1692 1843 2042 1907 Homerum
2089 1825 2337 1927 quoque
2385 1849 2668 1929 πετεηνός
2715 1849 2779 1909 et

656 1964 907 2044 πετηνός
975 1959 1401 2039 inveniantur,
1472 1959 1740 2043 Brugm.
1814 1958 1987 2024 Curt.
2058 1957 2237 2024 Stud.
2308 1957 2419 2024 IV.
2482 1963 2564 2025 96
2611 1961 2778 2026 hanc

657 2077 923 2161 protulit
989 2077 1403 2140 sententiam:
1485 2074 1711 2155 „Haud
1781 2075 1970 2139 dubie
2041 2078 2150 2139 aut
2204 2077 2610 2140 statuendum
2657 2081 2773 2157 est,

655 2196 940 2277 πετεηνός
983 2193 1304 2277 pertinere
1354 2192 1434 2255 ad
1481 2192 1747 2274 stirpem
1794 2189 2112 2273 quandam
2158 2211 2434 2264 πετεασ-,
2476 2197 2779 2262 πετεεινός

657 2313 874 2373 contra
931 2311 1010 2373 ad
1058 2329 1322 2385 πετεεσ-,
1373 2311 1483 2371 aut
1529 2330 1717 2371 unam
1769 2306 2062 2390 primitus
2109 2307 2304 2375 fuisse
2353 2309 2623 2372 formam
2668 2330 2776 2370 πε-
2871 2312 2878 2318 ’

657 2429 864 2509 τεηνός
911 2454 992 2477 --
1040 2426 1365 2493 πετεασνός
1412 2426 1475 2486 et
1522 2425 1746 2506 postea
1794 2444 1928 2486 eam
1980 2441 2117 2487 Sese
2150 2425 2654 2488 accommodasse
2690 2427 2770 2490 ad

657 2542 1153 2625 frequentiorem
1200 2540 1376 2604 illam
1427 2541 1697 2603 formam
1745 2559 1987 2610 -εεινος,
2036 2561 2178 2624 quae
2227 2542 2325 2603 est
2371 2539 2438 2604 in
2482 2541 2773 2613 κλεεινός,

658 2657 901 2730 δεεινός,
974 2657 1178 2720 aliis“.
1281 2646 1567 2720 Priorem
1638 2655 1998 2737 explicandi
2066 2656 2378 2720 rationem
2449 2657 2779 2740 amplexus

658 2778 754 2838 est
801 2774 1116 2838 Schrader
1162 2773 1205 2838 l.
1254 2795 1306 2836 c.
1359 2773 1506 2850 318,
1555 2772 1688 2835 dor.
1739 2775 2032 2855 πετεηνός
2074 2774 2138 2834 et
2185 2774 2297 2835 att.
2348 2776 2650 2842 πετεεινός
2695 2774 2776 2836 ad

658 2910 973 2959 πετεεσνος
1019 2889 1248 2967 redire,
1297 2888 1407 2952 sed
1453 2888 1621 2952 hom.
1671 2890 1953 2971 πετεηνός
2002 2909 2080 2951 ex
2128 2909 2252 2950 uno
2298 2907 2625 2958 πετεασνος
2668 2911 2777 2952 ex·
2839 2880 2842 2883 ¹

657 3008 883 3095 plicari
929 3028 1111 3090 posse
1160 3005 1563 3070 contendenS.
1657 3002 1723 3068 Si
1769 3005 1862 3066 ita
1908 3006 2023 3083 est,
2073 3003 2527 3068 correctionem
2573 3027 2774 3089 quan-

661 3124 804 3187 dam
874 3123 1233 3186 desiderare
1290 3121 1586 3184 videntur
1629 3119 1768 3183 haec
1815 3117 2203 3183 Morsbachii
2251 3121 2447 3184 verba
2495 3119 2584 3204 (p.
2631 3123 2775 3197 49):

669 3260 741 3324 ,η
813 3239 1048 3303 doridis
1117 3236 1450 3302 severioris
1520 3237 1653 3301 sive
1709 3234 2121 3318 productione
2168 3235 2300 3300 sive
2348 3237 2777 3301 contractione

658 3360 877 3420 natum
924 3353 1262 3419 Theocrito
1305 3375 1563 3436 prorsus
1611 3352 2053 3436 abrogandum
2102 3354 2261 3416 est“.
2356 3352 2466 3417 cfr
2511 3375 2652 3436 quae
2701 3354 2779 3418 de

667 3486 835 3554 τῂυῡς
881 3495 957 3536 ex
1006 3491 1263 3551 ‘regem-g
1310 3474 1448 3534 orto
1494 3491 1688 3552 supra
1735 3468 2073 3552 disputavi.

871 3584 1036 3675 ἡξεῐς
1082 3611 1138 3651 v.
1192 3587 1339 3664 144,
1378 3562 1547 3669 quod
1578 3586 1839 3649 verbum
1875 3609 1912 3648 a
1946 3585 2180 3649 Doride
2212 3607 2467 3669 prorsus
2500 3585 2781 3650 alienum

665 3730 797 3770 Qua-e
845 3705 1176 3770 ostendere
1225 3706 1489 3767 conatus
1538 3705 1634 3765 est
1684 3700 1839 3766 Ahr.
1886 3701 1930 3764 l.
1980 3722 2033 3766 c.
2087 3703 2232 3780 151,
2287 3701 2413 3765 183
2461 3723 2615 3786 seq.,
2652 3704 2781 3767 344

665 3846 813 3906 ,κε-(1.,
840 3821 1108 3886 addend.
1147 3820 1317 3896 586„
1367 3818 1648 3881 Ahrensi
1673 3817 2176 3880 emendationem
2205 3811 2380 3887 εἱξεῐς
2403 3821 2785 3900 receperunt

669 3940 896 4003 Mursb.
971 3940 1048 4001 51
1125 3940 1189 4000 et
1259 3934 1466 4019 Oppel
1538 3933 1643 3997 41.
1737 3932 2043 4017 Ejusdem
2090 3932 2309 4015 stirpis
2358 3954 2494 3996 esse
2540 3929 2671 4018 ἥκω
2719 3938 2784 3997 et

665 4054 769 4114 {m
818 4055 888 4120 L.
939 4055 1160 4138 Meyer
1209 4054 1313 4132 91,
1363 4052 1488 4116 814
1539 4073 1670 4134 seq.
1721 4050 2111 4132 suspicatum
2162 4049 2272 4112 sed
2320 4047 2392 4114 G.
2442 4048 2664 4135 Meyer
2696 4051 2780 4114 45
