3109 4859
1557 374 1903 444 -20-

671 553 869 624 fii‘mis
918 554 1202 619 radicum
1251 554 1470 622 formis
1518 553 1618 628 πλ,
1667 575 1749 638 χρ
1782 559 1901 619 etc.
1938 556 2272 639 adjunct03
2322 555 2475 619 item
2508 555 2789 619 radicum
2857 557 2866 568 “

670 671 929 750 formem,
990 671 1208 755 quales
1256 676 1402 735 sunt
1448 671 1564 734 τλα
1613 676 1677 736 et
1723 692 1858 750 γνω,
1909 672 2242 756 adjunctis‘
2275 693 2314 732 α
2363 676 2426 735 et
2472 692 2505 733 ο
2549 671 2789 735 suffixis

669 790 853 851 natas
923 809 1059 851 esse
1131 787 1507 871 suspicatur.
1603 785 1679 853 G.
1749 787 1973 872 Meyer
2016 787 2060 852 l.
2111 810 2163 854 c.
2212 788 2279 852 iu
2325 787 2426 851 his
2474 788 2789 852 radicibus

644 973 649 984 ,
663 904 800 986 jam
870 903 1324 987 antiquissimis
1387 925 1616 989 graecae
1665 902 1902 988 linguae
1951 905 2340 987 temporibus
2385 924 2426 988 η
2476 904 2669 968 fuisse
2717 911 2788 967 ac

669 1018 905 1083 formas
953 1028 994 1082 ἄ
1038 1022 1327 1085 tenentes
1376 1018 1579 1101 (velut
1627 1025 1781 1085 cret.
1829 1020 2097 1096 πλᾰθος)
2146 1043 2224 1084 ex
2273 1021 2570 1106 analogia
2610 1016 2790 1084 fictas

670 1158 807 1199 esse
854 1137 1053 1201 docet.
1148 1136 1246 1201 De
1294 1137 1534 1215 formiS,
1583 1159 1723 1220 quae
1773 1141 1815 1196 ᾶ
1860 1140 2099 1216 tenent,
2148 1138 2314 1201 idem
2365 1141 2582 1201 censet
2626 1136 2788 1201 Mei-

668 1255 803 1316 ster
847 1254 889 1317 l.
939 1274 992 1317 c.

881 1368 1091 1454 Hujus
1159 1369 1412 1455 generis
1483 1372 1580 1432 est
1644 1369 1845 1452 fornia
1889 1369 2160 1453 perfecti
2208 1366 2503 1452 δέδμανθ’
2550 1393 2608 1434 v.
2663 1371 2785 1433 120

672 1481 844 1568 (δμᾱ,
896 1483 1053 1569 δμηε
1105 1479 1313 1567 δέμω),
1363 1506 1554 1568 quam
1604 1521 1681 1531 ——
1732 1484 1856 1549 nisi
1886 1485 2305 1569 hyperdorica
2330 1485 2677 1569 judicanda
2707 1485 2792 1549 sit

670 1601 792 1679 (cfr
871 1600 1130 1665 Pindar.
1201 1595 1545 1684 θεόδματος
1612 1601 1854 1667 Morsb.
1929 1602 2029 1681 14,
2109 1599 2424 1666 Schrader
2493 1603 2642 1681 324,
2714 1600 2787 1665 Gr.

670 1717 893 1802 Meyer
964 1716 1118 1800 188)
1171 1752 1247 1762 -—
1299 1716 1372 1781 Gr.
1442 1717 1773 1801 Meyerum
1844 1723 1908 1781 et
1975 1717 2348 1782 Meisterum
2413 1722 2664 1782 secutus
2711 1739 2789 1781 ex

669 1834 965 1918 analogia
1055 1832 1269 1897 fictam
1361 1856 1496 1897 esse
1587 1837 1762 1918 puto,
1839 1833 2074 1898 Morsb.
2152 1834 2195 1897 1.
2270 1856 2323 1899 c.
2388 1837 2452 1897 et
2513 1833 2788 1917 Rumpel

667 1951 949 2015 Lexicon
1006 1949 1269 2018 Theocr.
1319 1950 1398 2014 ad
1444 1953 1726 2014 nostram
1771 1950 2039 2013 formam
2102 1949 2544 2033 explicandam
2607 1948 2781 2034 δάμω

668 2066 987 2150 quoddam
1030 2066 1368 2130 finxerunt.
1449 2064 1589 2129 Hoc
1621 2088 1746 2129 uno
1777 2065 1912 2130 loco
1945 2064 2068 2149 δμᾶ
2099 2066 2279 2130 nobis
2310 2066 2584 2130 occurrit
2617 2067 2785 2150 apud
2885 2129 2902 2136 „

668 2181 1109 2259 Theocritum3
1159 2182 1387 2246 ceteris
1448 2181 1741 2245 omnibus
1799 2180 1955 2246 locis
2004 2180 2123 2267 δμη
2173 2182 2445 2267 legitur:
2496 2177 2788 2266 δέδμηνὲΡ

667 2297 870 2363 XXV.
917 2300 1025 2375 24,
1075 2293 1333 2382 δέδμητο
1378 2294 1590 2361 XVII.
1643 2298 1745 2377 18,
1794 2294 2183 2382 ἐνδέδμηνται
2229 2295 2438 2363 XVII.
2490 2300 2593 2362 82.

878 2412 1167 2499 κρηπῖδες
1212 2437 1271 2479 v.
1323 2415 1382 2493 6,
1430 2409 1703 2498 ἡμιθέων
1746 2437 1804 2478 v.
1842 2415 1988 2490 137,
2024 2436 2291 2497 quorum
2322 2414 2562 2479 radices
2595 2415 2789 2478 etiam

666 2531 734 2595 in
803 2553 1016 2615 graeca
1074 2529 1298 2614 lingua
1345 2550 1385 2591 α
1431 2530 1732 2607 tenuisse,
1781 2552 1906 2594 non
1955 2531 2199 2609 desunt,
2248 2531 2358 2614 qui
2404 2531 2785 2614 putaverint.

668 2646 909 2722 Quibus
956 2647 1022 2709 in
1051 2647 1314 2711 vocibus
1346 2649 1609 2729 propter
1639 2647 1963 2729 sequentis
1994 2646 2256 2727 syllabae
2288 2647 2572 2711 vocalem
2607 2669 2624 2708 ι
2658 2647 2787 2731 syl-

666 2762 830 2828 labae
880 2762 1312 2826 antecedentis
1360 2782 1401 2822 α
1446 2762 1513 2824 in
1561 2782 1600 2846 η
1633 2765 1948 2826 mutatum
1982 2784 2119 2826 esse
2154 2763 2503 2828 arbitratur
2537 2762 2787 2827 Curtius

667 2877 938 2943 Grundz.
991 2880 1138 2943 589.
1231 2878 1573 2954 Morsbach
1619 2878 1713 2942 illi
1760 2880 1966 2943 vocali
2017 2901 2034 2939 ι
2079 2879 2209 2942 vim
2242 2878 2438 2943 ullam
2470 2880 2786 2943 mutandae

668 3017 708 3056 α
754 2994 988 3060 vocalis
1032 2995 1101 3060 in
1142 3016 1181 3079 η
1228 2995 1631 3060 tribuendam
1680 3017 1815 3059 esse
1857 2997 2002 3079 jure
2049 3016 2289 3079 negare
2337 2994 2496 3059 mihi
2538 2994 2788 3059 videtur

667 3112 974 3178 vocabula
1020 3133 1162 3195 quae
1224 3115 1371 3175 sunt
1418 3106 1644 3184 Μαλίς,
1696 3120 1891 3195 μᾶνις,
1940 3104 2192 3179 πλατίος
2238 3111 2316 3174 ad
2366 3112 2788 3194 comparatio-

665 3204 810 3292 nem
858 3249 1160 3293 revocans
1207 3226 1296 3311 (p.
1361 3229 1495 3311 35).
1589 3227 1648 3290 A
1699 3226 1915 3291 Curtio
1963 3226 2133 3291 haud
2180 3227 2450 3291 multum
2497 3228 2791 3291 dissentit

665 3345 980 3409 Schrader
1025 3345 1069 3408 1.-
1117 3367 1169 3408 c,
1220 3345 1368 3422 321,
1416 3344 1526 3427 qui
1575 3344 1752 3407 illam
1800 3364 1840 3403 α
1885 3344 2120 3407 vocalis
2166 3344 2236 3407 in
2280 3364 2320 3428 η
2369 3344 2787 3407 mutationem

665 3484 739 3526 eo
786 3462 1079 3525 effectam
1127 3482 1263 3523 esse
1320 3460 1662 3538 existimat,
1711 3459 1876 3542 quod
1926 3481 1943 3519 ι
1990 3477 2106 3542 per
2154 3458 2522 3543 epenthesin
2576 3459 2642 3521 in
2688 3459 2791 3542 ip-

664 3600 802 3641 sam
847 3560 1128 3641 radicem
1175 3575 1569 3660 accepissent
1615 3575 1727 3638 illa
1772 3575 2103 3654 vocabula,
2150 3576 2242 3640 ita
2290 3579 2361 3639 ut
2406 3574 2600 3639 totius
2646 3597 2792 3638 mu-

662 3693 922 3758 tationis
969 3693 1204 3778 gradus
1251 3691 1363 3756 hos
1410 3691 1606 3755 fuisse
1651 3694 1916 3756 statuat:
1968 3686 2097 3775 ἁμι,
2149 3687 2300 3775 αἱμι,
2336 3687 2497 3774 ἁεμι,
2530 3687 2660 3776 ἡμι.
2699 3728 2784 3736 -

665 3809 924 3889 Vocem,
991 3831 1131 3893 quae
1197 3811 1294 3872 est
1338 3809 1557 3892 κρηπίς
1603 3807 1714 3870 lat.
1765 3809 2037 3892 crepida,
2088 3830 2278 3891 quam
2327 3830 2363 3870 a
2410 3808 2546 3871 rad.
2595 3807 2795 3892 skarp

665 3926 926 3990 deduxit
995 3925 1174 4004 Fick‚
1224 3927 1562 4009 cognatam
1611 3946 1746 3987 esse
1796 3947 1937 3988 cum
1982 3924 2094 3989 lat.
2143 3921 2593 4006 carp-isculum
2640 3945 2794 3987 con-

662 4043 868 4106 tendit
936 4040 1340 4126 Siegismund
1411 4039 1582 4106 Curt.
1656 4039 1833 4105 Stud.
1881 4039 1963 4105 V.
2000 4042 2146 4104 149.
2240 4037 2378 4102 Hoc
2410 4039 2795 4104 vocabulum

380 4851 437 4859 ..--
454 4851 1045 4859 Ηὴ--.ῌ-ῌ--ἑᾼψ-ῘῘ
1080 4853 1133 4859 ᾖ
1142 4855 1225 4859 ......

2856 4667 3044 4852 aa
