3109 4859
1627 407 2013 470 —102—

766 587 912 647 sunt
958 586 1124 668 apud
1172 583 1481 649 Cauerum
1549 585 1913 663 129-134‚
1962 604 1991 647 ν
2040 581 2245 670 ἐφελκ.
2294 607 2420 649 non
2465 585 2698 671 legitur
2739 584 2845 648 nisi

766 701 831 763 in
898 701 1171 764 secundo
1236 723 1421 766 versu
1489 701 1918 785 inscriptionis
1986 699 2280 784 Thespiae
2349 705 2664 766 vetustum
2728 701 2847 785 epi-

768 837 1053 901 gramma
1097 816 1521 897 ,continentis‚
1598 818 1705 881 ubi
1769 789 1953 879 &saiw
2014 818 2399 903 paragogico
2446 840 2475 880 ν
2523 818 2849 882 recentiore

634 937 637 946 '
767 936 954 997 aetate
1002 934 1293 998 restituto
1338 934 1644 1017 scriptum
1692 937 1917 998 exstat.
2009 930 2084 997 In
2128 934 2332 997 titulis
2380 935 2548 998 enim
2594 933 2851 999 numeris

767 1049 1041 1113 astrictis
1090 1049 1341 1113 dialecti
1392 1050 1715 1130 boeoticae,
1762 1054 1950 1133 prout
1993 1050 2274 1133 postulat
2303 1054 2596 1128 metrum,
2631 1073 2659 1110 ν
2693 1071 2853 1112 usur-

766 1168 987 1249 patum
1035 1168 1147 1229 est.
1242 1163 1316 1228 In
1356 1165 1807 1230 vetustioribus
1840 1165 2132 1231 lesbiacae
2166 1166 2421 1231 dialecti
2452 1167 2654 1231 titulis
2686 1167 2854 1230 omit·

766 1281 926 1345 titur
993 1302 1041 1353 ν,
1113 1280 1179 1345 in
1248 1281 1706 1345 recentioribus
1777 1281 2138 1362 attrahitur,
2209 1303 2413 1366 neque
2484 1305 2633 1347 vero
2679 1282 2853 1346 ullam
2975 1289 2980 1300 '

770 1396 1182 1461 constantiam
1234 1399 1369 1481 ejus
1414 1418 1564 1461 usus
1611 1397 1868 1461 indicat.
1961 1395 2035 1461 In
2106 1398 2311 1462 titulis
2357 1398 2714 1463 thessalicis
2758 1422 2855 1481 pa-

765 1512 1137 1598 ragogicum
1206 1532 1235 1573 ν
1304 1534 1615 1596 nusquam
1682 1490 2003 1578 invenitur
2069 1514 2359 1596 (Meister
2415 1515 2458 1578 l.
2532 1537 2586 1580 c.
2659 1517 2853 1580 300—-

770 1630 943 1705 301).
1038 1627 1299 1692 Collatis
1360 1629 1650 1693 omnibus
1718 1629 1921 1693 titulis
1970 1630 2180 1693 atticis
2228 1652 2390 1694 anno
2434 1631 2852 1694 trecentesimo

766 1768 822 1808 a.
895 1742 1041 1809 Chr.
1110 1766 1173 1808 n.
1221 1745 1671 1809 vetustioribus
1717 1745 2011 1809 Maassen
2058 1746 2102 1811 l.
2150 1768 2205 1811 c.
2256 1748 2514 1811 33—34
2561 1746 2701 1811 haec
2748 1750 2857 1810 sta·

765 1860 916 1924 tuit:
977 1861 1070 1939 „1.
1119 1858 1287 1924 Usus
1336 1860 2006 1956 epigraphicusomni
2054 1884 2131 1925 ex
2177 1866 2357 1946 parte
2406 1886 2443 1925 a
2489 1863 2715 1948 regula
2745 1866 2859 1925 tra-

764 1975 980 2039 laticia
1027 1975 1342 2041 abhorret.
1438 1979 1497 2042 2.
1546 1975 1753 2040 Tanta
1786 1980 1881 2040 est
1913 1979 2050 2062 ejus
2091 1978 2536 2055 inconstantia,
2570 1983 2644 2043 ut
2674 2000 2860 2062 neque

743 2092 894 2160 .ullo
962 2093 1267 2176 temporis
1336 2096 1653 2157 momento
1722 2093 1910 2157 certis
1978 2094 2229 2179 legibus
2300 2096 2639 2161 adstrictus
2687 2096 2768 2159 sit
2809 2097 2862 2157 et

766 2208 907 2271 aliis
974 2209 1363 2292 temporibus
1433 2208 1622 2272 aliam
1693 2231 1824 2293 prae
1895 2231 1961 2273 se
2030 2210 2197 2273 ferat
2241 2211 2552 2294 speciem;
2602 2212 2747 2276 inde
2793 2210 2861 2273 ab

767 2323 1222 2408 antiquissimis
1270 2325 1458 2404 enim,
1522 2326 1728 2408 quoad
1777 2329 1945 2390 retro
1991 2326 2307 2409 respicere
2351 2327 2521 2402 licet,
2570 2325 2863 2411 tempori-

767 2441 882 2504 bus
950 2462 1148 2523 usque
1220 2442 1296 2505 ad
1347 2444 1683 2504 exeuntem
1729 2439 1825 2505 Ol.
1877 2443 1959 2506 93
2007 2441 2289 2524 (circiter
2334 2466 2391 2507 a.
2441 2444 2570 2508 400
2620 2466 2679 2507 a,
2731 2443 2863 2507 Chr.

765 2555 856 2637 Π.)
930 2556 1399 2641 angustioribus
1467 2557 1754 2620 terminis
1824 2558 2101 2622 inclusus
2170 2557 2474 2641 paulatim
2542 2541 2865 2642 tantopere

768 2673 1109 2764 accrescit„
1136 2675 1205 2735 ut
1251 2673 1368 2736 sub
1414 2673 1606 2736 finem
1652 2673 1868 2737 saeculi
1914 2675 2126 2757 quarti
2172 2675 2406 2757 ubique
2452 2675 2586 2738 fere
2621 2673 2863 2758 conspi-

766 2788 970 2851 ciatur
1012 2788 1201 2851 litera
1246 2789 1699 2874 paragogica“.
1771 2789 1869 2854 De
1912 2792 2140 2853 natura
2173 2794 2361 2873 atque
2394 2790 2640 2876 origine
2675 2792 2865 2855 literae

765 2924 793 2963 ν
862 2903 1268 2988 paragogicae
1340 2926 1536 2990 agens
1606 2907 1884 2969 statuere
1946 2905 2198 2969 videtur
2241 2905 2537 2969 Maassen
2584 2906 2721 2991 (pp.
2773 2908 2866 2984 50,

767 3019 878 3102 59)
935 3019 1417 3102 „pronuntiandi
1462 3020 1792 3085 facilitatis
1839 3022 2116 3085 studium
2165 3020 2243 3085 ad
2272 3021 2527 3085 literam
2558 3043 2586 3084 ν
2617 3043 2868 3106 procre-
2951 3077 2957 3087 .

765 3135 995 3198 andam
1039 3134 1482 3218 pertinuisse“‚
1531 3158 1721 3219 quam
1767 3136 2146 3200 sententiam
2192 3158 2314 3200 non
2358 3138 2582 3202 desunt
2605 3140 2744 3262 ¹qui
2777 3157 2870 3202 re-

760 3250 1010 3334 jiciant.
1105 3250 1161 3314 A
1231 3252 1457 3336 poetis,
1529 3256 1600 3316 ut
1657 3251 1840 3316 tollat
1883 3251 2130 3316 hiatum
2177 3255 2241 3316 et
2300 3255 2679 3336 positionem
2743 3254 2869 3319 effi-

766 3366 910 3446 ciat,
979 3366 1142 3432 hanc
1210 3367 1462 3462 literam
1532 3367 1821 3432 adhiberi
1894 3368 2047 3432 satis
2117 3374 2380 3434 constat.
2494 3368 2668 3434 Num
2739 3392 2869 3434 om-

764 3482 913 3546 nino
961 3488 1136 3547 certa
1181 3477 1409 3568 aliqua'
1442 3487 1505 3548 et
1549 3483 1949 3573 propria-vis
1992 3484 2197 3549 literae
2246 3506 2274 3546 ν
2321 3487 2726 3572 paragogicae
2759 3486 2868 3549 tri-

766 3599 1014 3663 buenda
1059 3599 1162 3679 sit,
1210 3621 1503 3683 quaenam
1550 3623 1589 3663 a
1633 3599 1947 3684 principio
1992 3601 2188 3665 fuerit
2232 3601 2365 3682 illa,
2411 3604 2483 3665 ut
2520 3601 2614 3665 ita
2646 3602 2867 3679 dicam,

765 3714 1185 3801 etymologica
1229 3715 1343 3796 viS‚
1391 3717 1456 3779 in
1505 3716 1733 3800 quibus
1779 3717 2039 3781 vocibus
2085 3717 2189 3783 vel
2234 3717 2455 3803 figuris
2501 3740 2618 3802 pro
2659 3717 2870 3782 nativa

765 3834 830 3895 et
895 3831 1303 3917 primigenia,
1362 3832 1430 3896 in
1476 3833 1705 3915 quibus
1751 3854 1865 3917 pro
1913 3834 2304 3897 extrinsecus
2350 3837 2673 3918 assumpta
2719 3854 2748 3897 ν
2793 3833 2869 3896 li-

763 3950 902 4011 tera
946 3946 1241 4012 habenda
1285 3948 1388 4027 sit,
1440 3984 1519 3993 ——
1569 3948 1668 4013 his
1718 3949 1793 4013 de
1840 3950 2028 4014 rebus
2078 3948 2442 4036 ambigitur.
2508 3964 2516 3970 '
