<?xml version="1.0" encoding="UTF-8"?>
<!DOCTYPE html PUBLIC "-//W3C//DTD XHTML 1.0 Transitional//EN"
    "http://www.w3.org/TR/xhtml1/DTD/xhtml1-transitional.dtd">
<html xmlns="http://www.w3.org/1999/xhtml" xml:lang="en" lang="en">
 <head>
  <title>
</title>
<meta http-equiv="Content-Type" content="text/html;charset=utf-8" />
  <meta name='ocr-system' content='tesseract 3.04.00' />
  <meta name='ocr-capabilities' content='ocr_page ocr_carea ocr_par ocr_line ocrx_word'/>
</head>
<body>
  <div class='ocr_page' id='page_1' title='image "./studiatheocrite00wintgoog_0137.png"; bbox 0 0 3109 4859; ppageno 0'>
   <div class='ocr_carea' id='block_1_1' title="bbox 2344 1 3043 10">
    <p class='ocr_par' dir='ltr' id='par_1_1' title="bbox 2344 1 3043 10">
     <span class='ocr_line' id='line_1_1' title="bbox 2344 1 3043 10; baseline 0 0"><span class='ocrx_word' id='word_1_1' title='bbox 2344 1 3043 10; x_wconf 95' lang='lat' dir='ltr'> </span> 
     </span>
    </p>
   </div>
   <div class='ocr_carea' id='block_1_2' title="bbox 1191 383 1585 449">
    <p class='ocr_par' dir='ltr' id='par_1_2' title="bbox 1191 383 1585 449">
     <span class='ocr_line' id='line_1_2' title="bbox 1191 383 1585 449; baseline 0.003 -1"><span class='ocrx_word' id='word_1_2' title='bbox 1191 383 1585 449; x_wconf 82' lang='lat'>-127—</span> 
     </span>
    </p>
   </div>
   <div class='ocr_carea' id='block_1_3' title="bbox 1267 597 1501 663">
    <p class='ocr_par' dir='ltr' id='par_1_3' title="bbox 1267 597 1501 663">
     <span class='ocr_line' id='line_1_3' title="bbox 1267 597 1501 663; baseline 0 0"><span class='ocrx_word' id='word_1_3' title='bbox 1267 597 1501 663; x_wconf 87' lang='lat' dir='ltr'>XXIX.</span> 
     </span>
    </p>
   </div>
   <div class='ocr_carea' id='block_1_4' title="bbox 677 740 2098 830">
    <p class='ocr_par' dir='ltr' id='par_1_4' title="bbox 677 740 2098 830">
     <span class='ocr_line' id='line_1_4' title="bbox 677 740 2098 830; baseline -0.003 -19"><span class='ocrx_word' id='word_1_4' title='bbox 677 743 781 811; x_wconf 89' lang='lat' dir='ltr'>De</span> <span class='ocrx_word' id='word_1_5' title='bbox 828 741 1204 811; x_wconf 84' lang='lat' dir='ltr'>nonnullis</span> <span class='ocrx_word' id='word_1_6' title='bbox 1252 741 1421 810; x_wconf 88' lang='lat' dir='ltr'>aliis</span> <span class='ocrx_word' id='word_1_7' title='bbox 1469 740 2098 830; x_wconf 78' lang='lat' dir='ltr'>productionibus.</span> 
     </span>
    </p>
   </div>
   <div class='ocr_carea' id='block_1_5' title="bbox 288 893 2459 2972">
    <p class='ocr_par' dir='ltr' id='par_1_5' title="bbox 288 893 2459 2972">
     <span class='ocr_line' id='line_1_5' title="bbox 543 893 2451 998; baseline -0.001 -20"><span class='ocrx_word' id='word_1_8' title='bbox 543 912 707 978; x_wconf 86' lang='lat' dir='ltr'>Satis</span> <span class='ocrx_word' id='word_1_9' title='bbox 755 918 1006 978; x_wconf 87' lang='lat' dir='ltr'>constat</span> <span class='ocrx_word' id='word_1_10' title='bbox 1052 915 1222 998; x_wconf 88' lang='lat' dir='ltr'>apud</span> <span class='ocrx_word' id='word_1_11' title='bbox 1270 913 1623 978; x_wconf 83' lang='lat' dir='ltr'>Homerum</span> <span class='ocrx_word' id='word_1_12' title='bbox 1670 893 1929 978; x_wconf 81' lang='lat' dir='ltr'>brevem</span> <span class='ocrx_word' id='word_1_13' title='bbox 1975 913 2258 978; x_wconf 83' lang='lat' dir='ltr'>vocalem</span> <span class='ocrx_word' id='word_1_14' title='bbox 2291 913 2451 977; x_wconf 88' lang='lat' dir='ltr'>fina-</span> 
     </span>
     <span class='ocr_line' id='line_1_6' title="bbox 316 1030 2452 1114; baseline 0 -20"><span class='ocrx_word' id='word_1_15' title='bbox 316 1031 451 1094; x_wconf 91' lang='lat' dir='ltr'>lem</span> <span class='ocrx_word' id='word_1_16' title='bbox 523 1031 629 1094; x_wconf 89' lang='lat' dir='ltr'>hic</span> <span class='ocrx_word' id='word_1_17' title='bbox 698 1030 828 1094; x_wconf 91' lang='lat' dir='ltr'>illic</span> <span class='ocrx_word' id='word_1_18' title='bbox 875 1032 1248 1114; x_wconf 89' lang='lat' dir='ltr'>productam</span> <span class='ocrx_word' id='word_1_19' title='bbox 1296 1052 1432 1095; x_wconf 90' lang='lat' dir='ltr'>esse</span> <span class='ocrx_word' id='word_1_20' title='bbox 1482 1034 1629 1094; x_wconf 88' lang='lat' dir='ltr'>ante</span> <span class='ocrx_word' id='word_1_21' title='bbox 1677 1034 2046 1114; x_wconf 76' lang='lat' dir='ltr'>sequentem</span> <span class='ocrx_word' id='word_1_22' title='bbox 2093 1030 2452 1114; x_wconf 79' lang='lat' dir='ltr'>simplicem</span> 
     </span>
     <span class='ocr_line' id='line_1_7' title="bbox 319 1121 2451 1231; baseline 0 -21"><span class='ocrx_word' id='word_1_23' title='bbox 319 1168 689 1211; x_wconf 89' lang='lat' dir='ltr'>consonam.</span> <span class='ocrx_word' id='word_1_24' title='bbox 783 1146 1063 1211; x_wconf 85' lang='lat' dir='ltr'>Maxime</span> <span class='ocrx_word' id='word_1_25' title='bbox 1110 1146 1394 1230; x_wconf 74' lang='lat' dir='ltr'>pertinet</span> <span class='ocrx_word' id='word_1_26' title='bbox 1424 1147 1527 1211; x_wconf 89' lang='lat' dir='ltr'>hic</span> <span class='ocrx_word' id='word_1_27' title='bbox 1552 1168 1711 1216; x_wconf 74' lang='lat' dir='ltr'>,usus</span> <span class='ocrx_word' id='word_1_28' title='bbox 1745 1147 1825 1211; x_wconf 89' lang='lat' dir='ltr'>ad</span> <span class='ocrx_word' id='word_1_29' title='bbox 1857 1170 1964 1211; x_wconf 89' lang='lat' dir='ltr'>eas</span> <span class='ocrx_word' id='word_1_30' title='bbox 1997 1121 2223 1212; x_wconf 84' lang='lat' dir='ltr'>breves</span> <span class='ocrx_word' id='word_1_31' title='bbox 2256 1147 2451 1231; x_wconf 84' lang='lat' dir='ltr'>sylla-</span> 
     </span>
     <span class='ocr_line' id='line_1_8' title="bbox 320 1253 2454 1348; baseline -0.001 -20"><span class='ocrx_word' id='word_1_32' title='bbox 320 1264 441 1328; x_wconf 87' lang='lat' dir='ltr'>bas</span> <span class='ocrx_word' id='word_1_33' title='bbox 515 1262 755 1342; x_wconf 75' lang='lat' dir='ltr'>finale8‚</span> <span class='ocrx_word' id='word_1_34' title='bbox 825 1286 982 1348; x_wconf 85' lang='lat' dir='ltr'>quas</span> <span class='ocrx_word' id='word_1_35' title='bbox 1031 1263 1269 1346; x_wconf 83' lang='lat' dir='ltr'>excipit</span> <span class='ocrx_word' id='word_1_36' title='bbox 1336 1253 1716 1329; x_wconf 84' lang='lat' dir='ltr'>vocabulum</span> <span class='ocrx_word' id='word_1_37' title='bbox 1785 1287 1823 1327; x_wconf 90' lang='lat' dir='ltr'>a</span> <span class='ocrx_word' id='word_1_38' title='bbox 1892 1263 2136 1347; x_wconf 88' lang='lat' dir='ltr'>liquida</span> <span class='ocrx_word' id='word_1_39' title='bbox 2183 1285 2454 1329; x_wconf 88' lang='lat' dir='ltr'>consona</span> 
     </span>
     <span class='ocr_line' id='line_1_9' title="bbox 320 1379 2455 1464; baseline 0 -21"><span class='ocrx_word' id='word_1_40' title='bbox 320 1380 664 1462; x_wconf 81' lang='lat' dir='ltr'>incipiens,</span> <span class='ocrx_word' id='word_1_41' title='bbox 758 1379 856 1443; x_wconf 90' lang='lat' dir='ltr'>De</span> <span class='ocrx_word' id='word_1_42' title='bbox 925 1379 1289 1462; x_wconf 88' lang='lat' dir='ltr'>hujusmodi</span> <span class='ocrx_word' id='word_1_43' title='bbox 1345 1379 1776 1463; x_wconf 77' lang='lat' dir='ltr'>productionis</span> <span class='ocrx_word' id='word_1_44' title='bbox 1824 1379 2072 1464; x_wconf 82' lang='lat' dir='ltr'>origine</span> <span class='ocrx_word' id='word_1_45' title='bbox 2120 1379 2455 1464; x_wconf 83' lang='lat' dir='ltr'>ambigunt</span> 
     </span>
     <span class='ocr_line' id='line_1_10' title="bbox 320 1495 2456 1580; baseline 0 -21"><span class='ocrx_word' id='word_1_46' title='bbox 320 1496 451 1570; x_wconf 66' lang='lat' dir='ltr'>‚viri</span> <span class='ocrx_word' id='word_1_47' title='bbox 524 1495 709 1560; x_wconf 84' lang='lat' dir='ltr'>docti.</span> <span class='ocrx_word' id='word_1_48' title='bbox 803 1495 1035 1559; x_wconf 85' lang='lat' dir='ltr'>Hartel</span> <span class='ocrx_word' id='word_1_49' title='bbox 1103 1495 1288 1559; x_wconf 89' lang='lat' dir='ltr'>docet</span> <span class='ocrx_word' id='word_1_50' title='bbox 1354 1499 1600 1560; x_wconf 82' lang='lat' dir='ltr'>naturae</span> <span class='ocrx_word' id='word_1_51' title='bbox 1671 1500 1737 1560; x_wconf 90' lang='lat' dir='ltr'>et</span> <span class='ocrx_word' id='word_1_52' title='bbox 1802 1518 1953 1561; x_wconf 89' lang='lat' dir='ltr'>sono</span> <span class='ocrx_word' id='word_1_53' title='bbox 2012 1496 2137 1579; x_wconf 87' lang='lat' dir='ltr'>ipsi</span> <span class='ocrx_word' id='word_1_54' title='bbox 2181 1496 2456 1580; x_wconf 88' lang='lat' dir='ltr'>pleniori</span> 
     </span>
     <span class='ocr_line' id='line_1_11' title="bbox 324 1612 2454 1696; baseline 0 -21"><span class='ocrx_word' id='word_1_55' title='bbox 324 1612 591 1696; x_wconf 86' lang='lat' dir='ltr'>liquidae</span> <span class='ocrx_word' id='word_1_56' title='bbox 641 1633 927 1676; x_wconf 82' lang='lat' dir='ltr'>consonae</span> <span class='ocrx_word' id='word_1_57' title='bbox 976 1612 1215 1690; x_wconf 88' lang='lat' dir='ltr'>deberi,</span> <span class='ocrx_word' id='word_1_58' title='bbox 1264 1615 1329 1675; x_wconf 87' lang='lat' dir='ltr'>et</span> <span class='ocrx_word' id='word_1_59' title='bbox 1375 1612 1539 1695; x_wconf 91' lang='lat' dir='ltr'>quod</span> <span class='ocrx_word' id='word_1_60' title='bbox 1584 1616 1730 1676; x_wconf 86' lang='lat' dir='ltr'>ante</span> <span class='ocrx_word' id='word_1_61' title='bbox 1762 1612 2115 1696; x_wconf 83' lang='lat' dir='ltr'>simplicem</span> <span class='ocrx_word' id='word_1_62' title='bbox 2146 1612 2454 1696; x_wconf 84' lang='lat' dir='ltr'>liquidam</span> 
     </span>
     <span class='ocr_line' id='line_1_12' title="bbox 324 1728 2455 1811; baseline 0 -20"><span class='ocrx_word' id='word_1_63' title='bbox 324 1728 395 1791; x_wconf 92' lang='lat' dir='ltr'>in</span> <span class='ocrx_word' id='word_1_64' title='bbox 467 1728 675 1792; x_wconf 88' lang='lat' dir='ltr'>fronte</span> <span class='ocrx_word' id='word_1_65' title='bbox 743 1728 915 1792; x_wconf 82' lang='lat' dir='ltr'>vocis</span> <span class='ocrx_word' id='word_1_66' title='bbox 984 1728 1376 1811; x_wconf 88' lang='lat' dir='ltr'>insequentis</span> <span class='ocrx_word' id='word_1_67' title='bbox 1445 1728 1720 1811; x_wconf 81' lang='lat' dir='ltr'>positam</span> <span class='ocrx_word' id='word_1_68' title='bbox 1787 1729 2176 1811; x_wconf 83' lang='lat' dir='ltr'>producatur</span> <span class='ocrx_word' id='word_1_69' title='bbox 2246 1728 2455 1793; x_wconf 85' lang='lat' dir='ltr'>brevis</span> 
     </span>
     <span class='ocr_line' id='line_1_13' title="bbox 325 1844 2455 1928; baseline -0 -20"><span class='ocrx_word' id='word_1_70' title='bbox 325 1844 568 1908; x_wconf 86' lang='lat' dir='ltr'>vocalis</span> <span class='ocrx_word' id='word_1_71' title='bbox 615 1844 846 1923; x_wconf 78' lang='lat' dir='ltr'>finaliS‚</span> <span class='ocrx_word' id='word_1_72' title='bbox 895 1848 958 1908; x_wconf 85' lang='lat' dir='ltr'>et</span> <span class='ocrx_word' id='word_1_73' title='bbox 1003 1845 1168 1928; x_wconf 85' lang='lat' dir='ltr'>quod</span> <span class='ocrx_word' id='word_1_74' title='bbox 1217 1844 1280 1907; x_wconf 90' lang='lat' dir='ltr'>in</span> <span class='ocrx_word' id='word_1_75' title='bbox 1329 1844 1555 1908; x_wconf 88' lang='lat' dir='ltr'>mediis</span> <span class='ocrx_word' id='word_1_76' title='bbox 1602 1844 1862 1908; x_wconf 83' lang='lat' dir='ltr'>vocibus</span> <span class='ocrx_word' id='word_1_77' title='bbox 1910 1844 1998 1919; x_wconf 85' lang='lat' dir='ltr'>(h.</span> <span class='ocrx_word' id='word_1_78' title='bbox 2034 1867 2088 1908; x_wconf 93' lang='lat' dir='ltr'>e.</span> <span class='ocrx_word' id='word_1_79' title='bbox 2122 1844 2188 1908; x_wconf 91' lang='lat' dir='ltr'>in</span> <span class='ocrx_word' id='word_1_80' title='bbox 2213 1844 2455 1928; x_wconf 87' lang='lat' dir='ltr'>junctis</span> 
     </span>
     <span class='ocr_line' id='line_1_14' title="bbox 325 1959 2455 2045; baseline -0.001 -20"><span class='ocrx_word' id='word_1_81' title='bbox 325 1959 657 2025; x_wconf 86' lang='lat' dir='ltr'>vocabulis</span> <span class='ocrx_word' id='word_1_82' title='bbox 705 1963 768 2024; x_wconf 84' lang='lat' dir='ltr'>et</span> <span class='ocrx_word' id='word_1_83' title='bbox 814 1960 879 2024; x_wconf 92' lang='lat' dir='ltr'>in</span> <span class='ocrx_word' id='word_1_84' title='bbox 927 1960 1145 2023; x_wconf 87' lang='lat' dir='ltr'>formis</span> <span class='ocrx_word' id='word_1_85' title='bbox 1195 1959 1559 2030; x_wconf 78' lang='lat' dir='ltr'>verbalibus</span> <span class='ocrx_word' id='word_1_86' title='bbox 1607 1962 1949 2045; x_wconf 85' lang='lat' dir='ltr'>augmento</span> <span class='ocrx_word' id='word_1_87' title='bbox 1982 1960 2293 2043; x_wconf 81' lang='lat' dir='ltr'>praeditis)</span> <span class='ocrx_word' id='word_1_88' title='bbox 2342 1982 2455 2044; x_wconf 83' lang='lat' dir='ltr'>ge-</span> 
     </span>
     <span class='ocr_line' id='line_1_15' title="bbox 328 2075 2457 2159; baseline 0 -20"><span class='ocrx_word' id='word_1_89' title='bbox 328 2077 577 2140; x_wconf 84' lang='lat' dir='ltr'>minata</span> <span class='ocrx_word' id='word_1_90' title='bbox 645 2076 1006 2140; x_wconf 83' lang='lat' dir='ltr'>inveniatur</span> <span class='ocrx_word' id='word_1_91' title='bbox 1073 2076 1335 2159; x_wconf 84' lang='lat' dir='ltr'>liquida.</span> <span class='ocrx_word' id='word_1_92' title='bbox 1429 2075 1681 2139; x_wconf 90' lang='lat' dir='ltr'>Harteli</span> <span class='ocrx_word' id='word_1_93' title='bbox 1738 2075 2136 2140; x_wconf 86' lang='lat' dir='ltr'>adversarius</span> <span class='ocrx_word' id='word_1_94' title='bbox 2207 2076 2457 2140; x_wconf 86' lang='lat' dir='ltr'>exstitit</span> 
     </span>
     <span class='ocr_line' id='line_1_16' title="bbox 329 2189 2456 2274; baseline 0 -17"><span class='ocrx_word' id='word_1_95' title='bbox 329 2191 588 2257; x_wconf 88' lang='lat' dir='ltr'>Curtius</span> <span class='ocrx_word' id='word_1_96' title='bbox 635 2190 841 2272; x_wconf 88' lang='lat' dir='ltr'>(Stud.</span> <span class='ocrx_word' id='word_1_97' title='bbox 889 2189 1005 2257; x_wconf 90' lang='lat' dir='ltr'>IV.</span> <span class='ocrx_word' id='word_1_98' title='bbox 1052 2191 1452 2273; x_wconf 85' lang='lat'>473—491).</span> <span class='ocrx_word' id='word_1_99' title='bbox 1543 2191 1767 2255; x_wconf 87' lang='lat' dir='ltr'>Monet</span> <span class='ocrx_word' id='word_1_100' title='bbox 1814 2191 2067 2256; x_wconf 85' lang='lat' dir='ltr'>Curtius</span> <span class='ocrx_word' id='word_1_101' title='bbox 2108 2191 2177 2274; x_wconf 93' lang='lat' dir='ltr'>(l.</span> <span class='ocrx_word' id='word_1_102' title='bbox 2213 2214 2265 2256; x_wconf 90' lang='lat' dir='ltr'>c.</span> <span class='ocrx_word' id='word_1_103' title='bbox 2300 2193 2456 2270; x_wconf 81' lang='lat'>480)</span> 
     </span>
     <span class='ocr_line' id='line_1_17' title="bbox 331 2308 2459 2392; baseline 0 -19"><span class='ocrx_word' id='word_1_104' title='bbox 331 2332 411 2373; x_wconf 84' lang='lat' dir='ltr'>ex</span> <span class='ocrx_word' id='word_1_105' title='bbox 482 2309 798 2372; x_wconf 88' lang='lat' dir='ltr'>sententia</span> <span class='ocrx_word' id='word_1_106' title='bbox 868 2308 1122 2373; x_wconf 88' lang='lat' dir='ltr'>Harteli</span> <span class='ocrx_word' id='word_1_107' title='bbox 1191 2330 1397 2392; x_wconf 90' lang='lat' dir='ltr'>neque</span> <span class='ocrx_word' id='word_1_108' title='bbox 1460 2330 1792 2391; x_wconf 86' lang='lat' dir='ltr'>apparere,</span> <span class='ocrx_word' id='word_1_109' title='bbox 1865 2329 2005 2392; x_wconf 83' lang='lat' dir='ltr'>quae</span> <span class='ocrx_word' id='word_1_110' title='bbox 2057 2308 2249 2372; x_wconf 89' lang='lat' dir='ltr'>fuerit</span> <span class='ocrx_word' id='word_1_111' title='bbox 2294 2310 2459 2374; x_wconf 86' lang='lat' dir='ltr'>ratio</span> 
     </span>
     <span class='ocr_line' id='line_1_18' title="bbox 288 2423 2456 2507; baseline 0.001 -20"><span class='ocrx_word' id='word_1_112' title='bbox 288 2425 504 2488; x_wconf 75' lang='lat' dir='ltr'>&#39;inter</span> <span class='ocrx_word' id='word_1_113' title='bbox 573 2423 629 2497; x_wconf 82' lang='grc' dir='ltr'>λ,</span> <span class='ocrx_word' id='word_1_114' title='bbox 703 2445 764 2507; x_wconf 84' lang='grc' dir='ltr'>μ,</span> <span class='ocrx_word' id='word_1_115' title='bbox 836 2445 885 2497; x_wconf 87' lang='grc' dir='ltr'>ν,</span> <span class='ocrx_word' id='word_1_116' title='bbox 958 2445 990 2505; x_wconf 84' lang='grc' dir='ltr'>ρ</span> <span class='ocrx_word' id='word_1_117' title='bbox 1059 2424 1340 2488; x_wconf 89' lang='lat' dir='ltr'>initiales</span> <span class='ocrx_word' id='word_1_118' title='bbox 1410 2427 1475 2488; x_wconf 88' lang='lat' dir='ltr'>et</span> <span class='ocrx_word' id='word_1_119' title='bbox 1535 2424 1790 2487; x_wconf 89' lang='lat' dir='ltr'>easdem</span> <span class='ocrx_word' id='word_1_120' title='bbox 1838 2445 2144 2488; x_wconf 87' lang='lat' dir='ltr'>consonas</span> <span class='ocrx_word' id='word_1_121' title='bbox 2192 2424 2257 2488; x_wconf 92' lang='lat' dir='ltr'>in</span> <span class='ocrx_word' id='word_1_122' title='bbox 2303 2447 2456 2490; x_wconf 87' lang='lat' dir='ltr'>voce</span> 
     </span>
     <span class='ocr_line' id='line_1_19' title="bbox 330 2539 2458 2625; baseline 0.001 -22"><span class='ocrx_word' id='word_1_123' title='bbox 330 2539 546 2604; x_wconf 88' lang='lat' dir='ltr'>media</span> <span class='ocrx_word' id='word_1_124' title='bbox 591 2540 831 2623; x_wconf 86' lang='lat' dir='ltr'>positas</span> <span class='ocrx_word' id='word_1_125' title='bbox 880 2546 944 2603; x_wconf 84' lang='lat' dir='ltr'>et</span> <span class='ocrx_word' id='word_1_126' title='bbox 989 2560 1038 2610; x_wconf 88' lang='grc' dir='ltr'>ν,</span> <span class='ocrx_word' id='word_1_127' title='bbox 1089 2560 1122 2620; x_wconf 85' lang='grc' dir='ltr'>ρ</span> <span class='ocrx_word' id='word_1_128' title='bbox 1170 2540 1412 2616; x_wconf 58' lang='lat' dir='ltr'>finales⁹</span> <span class='ocrx_word' id='word_1_129' title='bbox 1460 2562 1666 2624; x_wconf 89' lang='lat' dir='ltr'>neque</span> <span class='ocrx_word' id='word_1_130' title='bbox 1725 2540 2016 2625; x_wconf 84' lang='lat' dir='ltr'>intellegi</span> <span class='ocrx_word' id='word_1_131' title='bbox 2063 2562 2267 2624; x_wconf 84' lang='lat' dir='ltr'>posse,</span> <span class='ocrx_word' id='word_1_132' title='bbox 2315 2542 2458 2625; x_wconf 91' lang='lat' dir='ltr'>qui·-</span> 
     </span>
     <span class='ocr_line' id='line_1_20' title="bbox 329 2655 2456 2740; baseline 0 -19"><span class='ocrx_word' id='word_1_133' title='bbox 329 2657 455 2721; x_wconf 86' lang='lat' dir='ltr'>bus</span> <span class='ocrx_word' id='word_1_134' title='bbox 524 2657 601 2719; x_wconf 90' lang='lat' dir='ltr'>de</span> <span class='ocrx_word' id='word_1_135' title='bbox 670 2656 877 2720; x_wconf 88' lang='lat' dir='ltr'>causis</span> <span class='ocrx_word' id='word_1_136' title='bbox 933 2655 1178 2739; x_wconf 91' lang='lat' dir='ltr'>plenior</span> <span class='ocrx_word' id='word_1_137' title='bbox 1222 2656 1334 2720; x_wconf 89' lang='lat' dir='ltr'>illa</span> <span class='ocrx_word' id='word_1_138' title='bbox 1380 2656 1640 2740; x_wconf 76' lang='lat' dir='ltr'>liquidae</span> <span class='ocrx_word' id='word_1_139' title='bbox 1686 2657 1782 2720; x_wconf 83' lang='lat' dir='ltr'>vis</span> <span class='ocrx_word' id='word_1_140' title='bbox 1827 2657 1896 2720; x_wconf 91' lang='lat' dir='ltr'>in</span> <span class='ocrx_word' id='word_1_141' title='bbox 1939 2658 2160 2740; x_wconf 88' lang='lat' dir='ltr'>paucis</span> <span class='ocrx_word' id='word_1_142' title='bbox 2205 2661 2456 2721; x_wconf 88' lang='lat' dir='ltr'>tantum</span> 
     </span>
     <span class='ocr_line' id='line_1_21' title="bbox 322 2770 2459 2857; baseline 0.001 -22"><span class='ocrx_word' id='word_1_143' title='bbox 322 2772 642 2854; x_wconf 70' lang='lat' dir='ltr'>sbirpibus</span> <span class='ocrx_word' id='word_1_144' title='bbox 704 2775 957 2835; x_wconf 85' lang='lat' dir='ltr'>servata</span> <span class='ocrx_word' id='word_1_145' title='bbox 1025 2772 1126 2835; x_wconf 91' lang='lat' dir='ltr'>sit.</span> <span class='ocrx_word' id='word_1_146' title='bbox 1222 2770 1486 2835; x_wconf 85' lang='lat' dir='ltr'>Constat</span> <span class='ocrx_word' id='word_1_147' title='bbox 1532 2772 1734 2836; x_wconf 87' lang='lat' dir='ltr'>multa</span> <span class='ocrx_word' id='word_1_148' title='bbox 1779 2773 2086 2837; x_wconf 83' lang='lat' dir='ltr'>vocabula</span> <span class='ocrx_word' id='word_1_149' title='bbox 2133 2797 2170 2837; x_wconf 90' lang='lat' dir='ltr'>a</span> <span class='ocrx_word' id='word_1_150' title='bbox 2215 2774 2459 2857; x_wconf 85' lang='lat' dir='ltr'>liquida</span> 
     </span>
     <span class='ocr_line' id='line_1_22' title="bbox 327 2886 2458 2972; baseline 0.001 -21"><span class='ocrx_word' id='word_1_151' title='bbox 327 2888 680 2970; x_wconf 80' lang='lat' dir='ltr'>(imprimis</span> <span class='ocrx_word' id='word_1_152' title='bbox 741 2894 800 2969; x_wconf 82' lang='grc' dir='ltr'>ρ)</span> <span class='ocrx_word' id='word_1_153' title='bbox 861 2886 1234 2970; x_wconf 87' lang='lat' dir='ltr'>incipientia</span> <span class='ocrx_word' id='word_1_154' title='bbox 1280 2890 1437 2956; x_wconf 76' lang='lat' dir='ltr'>ante,</span> <span class='ocrx_word' id='word_1_155' title='bbox 1476 2888 1785 2972; x_wconf 85' lang='lat' dir='ltr'>liquidam</span> <span class='ocrx_word' id='word_1_156' title='bbox 1830 2889 2142 2953; x_wconf 88' lang='lat' dir='ltr'>initialem</span> <span class='ocrx_word' id='word_1_157' title='bbox 2189 2889 2458 2954; x_wconf 88' lang='lat' dir='ltr'>alteram</span> 
     </span>
    </p>
   </div>
   <div class='ocr_carea' id='block_1_6' title="bbox 226 3003 2458 3091">
    <p class='ocr_par' dir='ltr' id='par_1_6' title="bbox 226 3003 2458 3091">
     <span class='ocr_line' id='line_1_23' title="bbox 226 3003 2458 3091; baseline 0.001 -23"><span class='ocrx_word' id='word_1_158' title='bbox 226 3045 233 3050; x_wconf 90' lang='lat'><strong>·</strong></span> <span class='ocrx_word' id='word_1_159' title='bbox 328 3003 490 3068; x_wconf 85' lang='lat' dir='ltr'>olim</span> <span class='ocrx_word' id='word_1_160' title='bbox 536 3004 832 3068; x_wconf 88' lang='lat' dir='ltr'>habuisse</span> <span class='ocrx_word' id='word_1_161' title='bbox 879 3026 1216 3068; x_wconf 86' lang='lat' dir='ltr'>consonam</span> <span class='ocrx_word' id='word_1_162' title='bbox 1263 3008 1324 3080; x_wconf 85' lang='grc' dir='ltr'>(σ</span> <span class='ocrx_word' id='word_1_163' title='bbox 1370 3003 1475 3067; x_wconf 85' lang='lat' dir='ltr'>vel</span> <span class='ocrx_word' id='word_1_164' title='bbox 1518 3004 1621 3091; x_wconf 76' lang='lat' dir='ltr'>f),</span> <span class='ocrx_word' id='word_1_165' title='bbox 1671 3026 1796 3087; x_wconf 89' lang='lat' dir='ltr'>qua</span> <span class='ocrx_word' id='word_1_166' title='bbox 1827 3026 1894 3068; x_wconf 92' lang='lat' dir='ltr'>re</span> <span class='ocrx_word' id='word_1_167' title='bbox 1928 3008 2275 3070; x_wconf 89' lang='lat' dir='ltr'>commotus</span> <span class='ocrx_word' id='word_1_168' title='bbox 2309 3028 2458 3070; x_wconf 93' lang='lat' dir='ltr'>con-</span> 
     </span>
    </p>
   </div>
   <div class='ocr_carea' id='block_1_7' title="bbox 330 3119 2462 4128">
    <p class='ocr_par' dir='ltr' id='par_1_7' title="bbox 330 3119 2462 4128">
     <span class='ocr_line' id='line_1_24' title="bbox 330 3119 2458 3202; baseline 0.001 -19"><span class='ocrx_word' id='word_1_169' title='bbox 330 3119 546 3183; x_wconf 86' lang='lat' dir='ltr'>tendit</span> <span class='ocrx_word' id='word_1_170' title='bbox 593 3119 847 3184; x_wconf 87' lang='lat' dir='ltr'>Curtius</span> <span class='ocrx_word' id='word_1_171' title='bbox 892 3121 960 3184; x_wconf 92' lang='lat' dir='ltr'>in</span> <span class='ocrx_word' id='word_1_172' title='bbox 1004 3119 1326 3184; x_wconf 88' lang='lat' dir='ltr'>nonnullis</span> <span class='ocrx_word' id='word_1_173' title='bbox 1357 3120 1618 3184; x_wconf 83' lang='lat' dir='ltr'>vocibus</span> <span class='ocrx_word' id='word_1_174' title='bbox 1649 3119 2002 3202; x_wconf 91' lang='lat' dir='ltr'>pleniorem</span> <span class='ocrx_word' id='word_1_175' title='bbox 2033 3125 2098 3185; x_wconf 88' lang='lat' dir='ltr'>et</span> <span class='ocrx_word' id='word_1_176' title='bbox 2131 3121 2458 3186; x_wconf 86' lang='lat' dir='ltr'>fortiorem</span> 
     </span>
     <span class='ocr_line' id='line_1_25' title="bbox 333 3235 2459 3321; baseline 0.002 -23"><span class='ocrx_word' id='word_1_177' title='bbox 333 3235 516 3299; x_wconf 87' lang='lat' dir='ltr'>illam</span> <span class='ocrx_word' id='word_1_178' title='bbox 585 3235 841 3320; x_wconf 86' lang='lat' dir='ltr'>liquidae</span> <span class='ocrx_word' id='word_1_179' title='bbox 911 3236 1040 3299; x_wconf 84' lang='lat' dir='ltr'>vim</span> <span class='ocrx_word' id='word_1_180' title='bbox 1110 3237 1190 3300; x_wconf 85' lang='lat' dir='ltr'>ad</span> <span class='ocrx_word' id='word_1_181' title='bbox 1255 3235 1630 3319; x_wconf 89' lang='lat' dir='ltr'>positionem</span> <span class='ocrx_word' id='word_1_182' title='bbox 1676 3236 2071 3301; x_wconf 84' lang='lat' dir='ltr'>efficiendam</span> <span class='ocrx_word' id='word_1_183' title='bbox 2119 3240 2333 3321; x_wconf 90' lang='lat' dir='ltr'>aptam</span> <span class='ocrx_word' id='word_1_184' title='bbox 2382 3261 2459 3303; x_wconf 84' lang='lat' dir='ltr'>ex</span> 
     </span>
     <span class='ocr_line' id='line_1_26' title="bbox 339 3351 2459 3437; baseline 0.002 -23"><span class='ocrx_word' id='word_1_185' title='bbox 339 3351 582 3434; x_wconf 88' lang='lat' dir='ltr'>duplici</span> <span class='ocrx_word' id='word_1_186' title='bbox 642 3373 916 3416; x_wconf 86' lang='lat' dir='ltr'>consona</span> <span class='ocrx_word' id='word_1_187' title='bbox 973 3351 1359 3435; x_wconf 78' lang='lat' dir='ltr'>primigenia</span> <span class='ocrx_word' id='word_1_188' title='bbox 1415 3355 1620 3415; x_wconf 87' lang='lat' dir='ltr'>ortam</span> <span class='ocrx_word' id='word_1_189' title='bbox 1668 3374 1805 3417; x_wconf 87' lang='lat' dir='ltr'>esse</span> <span class='ocrx_word' id='word_1_190' title='bbox 1852 3356 1989 3417; x_wconf 92' lang='lat' dir='ltr'>tum</span> <span class='ocrx_word' id='word_1_191' title='bbox 2035 3376 2151 3436; x_wconf 91' lang='lat' dir='ltr'>per</span> <span class='ocrx_word' id='word_1_192' title='bbox 2195 3376 2459 3437; x_wconf 87' lang='lat' dir='ltr'>pravam</span> 
     </span>
     <span class='ocr_line' id='line_1_27' title="bbox 343 3467 2459 3553; baseline 0.001 -23"><span class='ocrx_word' id='word_1_193' title='bbox 343 3467 702 3552; x_wconf 82' lang='lat' dir='ltr'>analogiam</span> <span class='ocrx_word' id='word_1_194' title='bbox 771 3468 980 3551; x_wconf 87' lang='lat' dir='ltr'>magis</span> <span class='ocrx_word' id='word_1_195' title='bbox 1049 3469 1379 3552; x_wconf 82' lang='lat' dir='ltr'>magisque</span> <span class='ocrx_word' id='word_1_196' title='bbox 1436 3468 1858 3534; x_wconf 84' lang='lat' dir='ltr'>increbruisse</span> <span class='ocrx_word' id='word_1_197' title='bbox 1906 3468 2266 3552; x_wconf 86' lang='lat' dir='ltr'>hujusmodi</span> <span class='ocrx_word' id='word_1_198' title='bbox 2314 3492 2459 3553; x_wconf 90' lang='lat' dir='ltr'>pro-</span> 
     </span>
     <span class='ocr_line' id='line_1_28' title="bbox 344 3583 2462 3667; baseline 0.001 -20"><span class='ocrx_word' id='word_1_199' title='bbox 344 3584 669 3649; x_wconf 85' lang='lat' dir='ltr'>ductiones</span> <span class='ocrx_word' id='word_1_200' title='bbox 738 3584 942 3666; x_wconf 83' lang='lat'>(486).</span> <span class='ocrx_word' id='word_1_201' title='bbox 1036 3583 1328 3667; x_wconf 88' lang='lat' dir='ltr'>Denique</span> <span class='ocrx_word' id='word_1_202' title='bbox 1389 3585 1583 3648; x_wconf 85' lang='lat' dir='ltr'>liceat</span> <span class='ocrx_word' id='word_1_203' title='bbox 1627 3584 1786 3649; x_wconf 90' lang='lat' dir='ltr'>mihi</span> <span class='ocrx_word' id='word_1_204' title='bbox 1830 3584 1968 3649; x_wconf 85' lang='lat' dir='ltr'>haec</span> <span class='ocrx_word' id='word_1_205' title='bbox 2016 3583 2220 3649; x_wconf 88' lang='lat' dir='ltr'>Curtii</span> <span class='ocrx_word' id='word_1_206' title='bbox 2265 3587 2462 3651; x_wconf 85' lang='lat' dir='ltr'>verba</span> 
     </span>
     <span class='ocr_line' id='line_1_29' title="bbox 345 3698 2457 3786; baseline 0 -22"><span class='ocrx_word' id='word_1_207' title='bbox 345 3701 604 3766; x_wconf 85' lang='lat' dir='ltr'>afferre:</span> <span class='ocrx_word' id='word_1_208' title='bbox 687 3698 844 3780; x_wconf 76' lang='lat' dir='ltr'>„Die</span> <span class='ocrx_word' id='word_1_209' title='bbox 914 3722 1130 3784; x_wconf 87' lang='lat' dir='ltr'>grosse</span> <span class='ocrx_word' id='word_1_210' title='bbox 1191 3699 1349 3764; x_wconf 86' lang='lat' dir='ltr'>Zahl</span> <span class='ocrx_word' id='word_1_211' title='bbox 1421 3701 1532 3765; x_wconf 90' lang='lat' dir='ltr'>der</span> <span class='ocrx_word' id='word_1_212' title='bbox 1601 3723 1764 3786; x_wconf 87' lang='lat' dir='ltr'>ganz</span> <span class='ocrx_word' id='word_1_213' title='bbox 1808 3701 2230 3766; x_wconf 83' lang='lat' dir='ltr'>vereinzelten</span> <span class='ocrx_word' id='word_1_214' title='bbox 2278 3700 2457 3766; x_wconf 69' lang='lat' dir='ltr'>Faue</span> 
     </span>
     <span class='ocr_line' id='line_1_30' title="bbox 343 3815 2460 3900; baseline 0 -21"><span class='ocrx_word' id='word_1_215' title='bbox 343 3817 531 3900; x_wconf 85' lang='lat' dir='ltr'>zeigt‚</span> <span class='ocrx_word' id='word_1_216' title='bbox 581 3817 785 3881; x_wconf 84' lang='lat' dir='ltr'>denke</span> <span class='ocrx_word' id='word_1_217' title='bbox 831 3815 956 3894; x_wconf 86' lang='lat' dir='ltr'>ich,</span> <span class='ocrx_word' id='word_1_218' title='bbox 1006 3839 1107 3879; x_wconf 89' lang='lat' dir='ltr'>am</span> <span class='ocrx_word' id='word_1_219' title='bbox 1140 3816 1583 3895; x_wconf 86' lang='lat' dir='ltr'>deutlichsten‚</span> <span class='ocrx_word' id='word_1_220' title='bbox 1635 3817 1779 3881; x_wconf 89' lang='lat' dir='ltr'>dass</span> <span class='ocrx_word' id='word_1_221' title='bbox 1809 3816 1926 3880; x_wconf 87' lang='lat' dir='ltr'>wir</span> <span class='ocrx_word' id='word_1_222' title='bbox 1955 3838 2023 3880; x_wconf 91' lang='lat' dir='ltr'>es</span> <span class='ocrx_word' id='word_1_223' title='bbox 2054 3816 2234 3881; x_wconf 88' lang='lat' dir='ltr'>nicht</span> <span class='ocrx_word' id='word_1_224' title='bbox 2266 3817 2460 3881; x_wconf 88' lang='lat' dir='ltr'>allein</span> 
     </span>
     <span class='ocr_line' id='line_1_31' title="bbox 344 3931 2459 4018; baseline 0 -23"><span class='ocrx_word' id='word_1_225' title='bbox 344 3932 463 3995; x_wconf 86' lang='lat' dir='ltr'>mit</span> <span class='ocrx_word' id='word_1_226' title='bbox 538 3932 1095 4017; x_wconf 76' lang='lat' dir='ltr'>naturwiichsigen</span> <span class='ocrx_word' id='word_1_227' title='bbox 1173 3931 1885 4018; x_wconf 85' lang='lat' dir='ltr'>Spracherzeugnissen‚</span> <span class='ocrx_word' id='word_1_228' title='bbox 1971 3932 2242 3996; x_wconf 90' lang='lat' dir='ltr'>sondern</span> <span class='ocrx_word' id='word_1_229' title='bbox 2317 3955 2459 3996; x_wconf 91' lang='lat' dir='ltr'>zum</span> 
     </span>
     <span class='ocr_line' id='line_1_32' title="bbox 345 4046 2457 4128; baseline 0 -16"><span class='ocrx_word' id='word_1_230' title='bbox 345 4046 532 4112; x_wconf 88' lang='lat' dir='ltr'>Theil</span> <span class='ocrx_word' id='word_1_231' title='bbox 578 4050 695 4114; x_wconf 92' lang='lat' dir='ltr'>mit</span> <span class='ocrx_word' id='word_1_232' title='bbox 740 4050 946 4113; x_wconf 91' lang='lat' dir='ltr'>einem</span> <span class='ocrx_word' id='word_1_233' title='bbox 995 4048 1541 4114; x_wconf 86' lang='lat' dir='ltr'>conventionellen</span> <span class='ocrx_word' id='word_1_234' title='bbox 1588 4048 1884 4113; x_wconf 89' lang='lat' dir='ltr'>Element</span> <span class='ocrx_word' id='word_1_235' title='bbox 1928 4070 2003 4112; x_wconf 89' lang='lat' dir='ltr'>zu</span> <span class='ocrx_word' id='word_1_236' title='bbox 2034 4048 2195 4113; x_wconf 88' lang='lat' dir='ltr'>thun</span> <span class='ocrx_word' id='word_1_237' title='bbox 2226 4047 2457 4128; x_wconf 84' lang='lat' dir='ltr'>haben,</span> 
     </span>
    </p>
   </div>
  </div>
 </body>
</html>
