3109 4859
1227 382 1573 447 -43-

296 497 333 524 ΙΙ·
2375 523 2438 556 ψ,

552 556 975 644 διαχρησεῖται
1020 582 1080 626 v.
1132 559 1236 639 54,
1286 558 1638 646 φθεγξεῖται
1683 582 1743 626 v.
1779 562 1883 641 99,
1917 582 2183 644 quorum
2214 564 2490 635 utrum*

328 696 458 759 que
527 673 595 738 in
663 675 792 740 arsi
839 657 1110 761 posiizam
1132 685 1137 688 ’
1160 678 1408 761 praebet
1453 679 1847 743 contractam
1891 676 2227 763 syllabam.
2318 661 2458 741 Sec.

330 790 495 855 Ahr:
544 790 588 856 l.
636 813 690 857 c.
741 793 847 873 27,
896 794 1025 858 300
1074 817 1112 857 a
1159 793 1579 858 Doriensibus
1628 791 2069 878 διαχρησείται,
2111 790 2461 879 φθεγξείται

327 906 759 973 scribebatur.
852 907 964 973 cfr
1010 907 1084 974 G.
1133 908 1361 994 Meyer
1406 909 1534 974 472
1585 931 1717 994 seq.

550 1027 615 1101 3)
661 1023 730 1088 in
776 1023 1046 1089 flexione
1093 1025 1431 1090 verborum
1477 1047 1618 1109 quae
1668 1027 1991 1090 contracta
2039 1024 2366 1090 dicuntur:

546 1140 613 1205 in
659 1124 848 1205 thesi
871 1140 1082 1225 posita
1127 1144 1225 1205 est
1271 1144 1600 1206 contracta
1643 1140 1928 1225 syllaba:
1976 1146 1984 1154 ’

550 1252 750 1319 ἐδόκει
807 1280 867 1322 v.
934 1259 1039 1338 32,
1089 1257 1347 1319 τελεῖται
1395 1280 1453 1323 v.
1506 1260 1613 1339 62,
1660 1257 1885 1341 θάρσει
1931 1280 1989 1322 v.
2042 1257 2147 1339 73,
2196 1257 2460 1344 φιλεῖται

333 1396 394 1438 v.
445 1374 563 1450 86;
1589 1359 1594 1362 v
2415 1366 2420 1371 ’

547 1490 616 1554 in
662 1469 789 1553 arei
834 1490 1045 1575 posita
1093 1494 1188 1555 est
1236 1493 1561 1556 contracta
1607 1490 1889 1575 syllaba:

549 1604 719 1691 ἔγχει
764 1629 823 1671 v.
875 1608 979 1687 31,
1030 1605 1302 1669 δαλεῖται
1348 1629 1409 1673 v.
1456 1607 1564 1685 48,
1613 1606 1837 1689 θάρσει
1881 1629 1985 1672 vv.
2035 1607 2137 1687 13,
2189 1606 2294 1686 56,
2342 1627 2457 1671 ne-

332 1742 458 1807 que
505 1722 804 1806 prohibet
850 1725 1144 1803 metrum,
1178 1723 1511 1807 quominus
1545 1721 1714 1806 ἔγχε’
1747 1717 1907 1806 ὕδωρ
1938 1746 1999 1789 v.
2034 1695 2139 1803 31,
2173 1720 2461 1784 δαλὲεται

336 1861 398 1902 v.
446 1838 547 1919 48,
596 1839 830 1921 θάρσεε
875 1862 976 1905 vv.
1028 1841 1131 1919 13,
1182 1840 1264 1903 56
1310 1839 1622 1924 legamus.

548 1956 613 2033 4)
661 1955 728 2018 in
797 1977 928 2020 aor.
976 1956 1222 2039 redupl.
1271 1954 1390 2037 (?):
1461 1950 1627 2025 εἶπες
1663 1954 1708 2033 ¹)
1756 1971 1813 2019 v·
1866 1955 1971 2035 25,
2022 1951 2195 2026 εἶπας
2244 1977 2302 2020 v.
2348 1955 2459 2030 38,

333 2066 452 2134 εἶπ’
498 2094 559 2137 v.
610 2071 714 2136 77.
805 2070 1049 2136 Aoristi
1097 2068 1282 2153 εἷπον,
1333 2070 1530 2134 ἔειπον
1577 2071 1910 2156 quominus
1959 2094 2039 2136 ex
2083 2078 2458 2162 fe-fsfft-ov,

329 2185 751 2278 ἐ-Γε-Ῐῖεπ-ον
814 2187 1297 2267 deducerentur,
1363 2188 1632 2253 formam
1695 2188 1851 2253 lesb.
1915 2185 2196 2276 (Γ)εἴπην
2241 2186 2463 2272 prohi-

325 2306 486 2370 bere
550 2305 686 2389 jam
758 2304 1000 2369 monuit
1070 2304 1324 2370 Curtius
1371 2303 1568 2370 Verb.
1620 2301 1705 2370 II.
1765 2305 1847 2370 27
1898 2325 2029 2388 seq.
2130 2303 2255 2385 „Es
2299 2303 2464 2389 liegt

324 2420 498 2485 nahe
569 2420 674 2484 ein
736 2419 904 2484 nach
949 2419 1268 2507 Analogie
1316 2419 1809 2486 sanskritischer
1863 2420 2137 2485 Formen
2182 2419 2301 2486 wie
2348 2433 2460 2484 an·

324 2538 500 2601 ina-t
542 2535 898 2621 gebildetes
943 2543 1285 2626 fe-fwt-ov
1332 2538 1919 2604 vorauszusetzen&
2011 2535 2151 2601 Sec.
2196 2535 2463 2601 Meister

329 2654 410 2718 71
453 2651 895 2756 antiquissima
924 2653 1131 2716 forma·
1163 2674 1378 2737 graeca
1411 2649 1763 2741 ἐ-Ῐῖε-ιπ-ον
1794 2652 1951 2732 fuiss3
2001 2653 2224 2718 aeolica
2255 2652 2459 2717 forma

327 2769 412 2834 ad
461 2768 625 2832 hanc
671 2769 1058 2852 respondens
1102 2765 1252 2849 ᾐπον
1302 2790 1438 2833 esse
1487 2769 1726 2834 debuit.
1822 2768 1934 2834 Cfr
1975 2768 2148 2834 Cur-t.
2184 2767 2459 2835 Grundz.

332 2885 463 2951 459
534 2906 665 2969 seq.
758 2883 1041 2951 Auctore
1113 2884 1331 2949 Curbio
1377 2883 1577 2950 Verb.
1625 2882 1711 2949 ΙΙ.
1761 2887 1844 2951 38
1895 2881 2278 2976 ὲ-Γε-Γπ-ον
2324 2885 2458 2969 pri-

336 3000 683 3086 migeniam
727 3000 925 3065 fuisse
972 3001 1267 3081 formam,
1316 3022 1395 3065 ex
1441 3023 1569 3085 qua
1614 3002 1901 3086 prodiret:
1932 2999 2149 3075 ἔειπον,
2184 3001 2462 3086 conjecit

337 3115 528 3194 Fick;
576 3116 687 3181 sed
734 3138 813 3181 ne
859 3117 1000 3182 haec
1046 3117 1303 3202 quidem
1350 3116 1713 3202 explicandi
1754 3117 1917 3182 ratio
1947 3120 2060 3183 aut
2090 3117 2164 3183 G.
2198 3105 2462 3203 Meyero

334 3230 521 3318 (463)
570 3236 680 3297 aut
726 3233 1143 3319 Brugmanno
1191 3233 1258 3312 (l.
1310 3254 1363 3299 c,
1414 3235 1524 3311 80)
1572 3234 1900 3317 probat-ur.

548 3347 780 3414 Solutae
851 3349 1261 3416 inveniuntur
1331 3372 1390 3412 εε
1459 3349 1709 3415 vocales
1755 3348 1821 3413 in
1869 3346 2198 3433 Δωριέεσσι
2243 3373 2303 3416 v.
2352 3351 2457 3417 93.

550 3487 656 3539 εει,
691 3468 762 3530 ut
793 3465 860 3529 in
891 3466 1186 3532 universa
1218 3465 1459 3531 Doride
1492 3466 1633 3531 fieri
1666 3464 1848 3548 solet,
1879 3466 1946 3531 in
1982 3488 2033 3528 ει
2065 3466 2461 3532 coalescunt:

332 3578 611 3652 ἀποικεῖς
677 3604 736 3647 v.
810 3581 870 3659 7,
938 3590 1187 3666 ’κοσμεῖν
1246 3605 1307 3648 v.
1371 3584 1476 3663 24,
1526 3580 1620 3644 δεῖ
1662 3604 1763 3647 vv.
1812 3582 1917 3662 29,
1964 3583 2072 3660 41,
2121 3579 2353 3665 ἐπιρρεῖ
2395 3606 2454 3647 v.

334 3700 441 3779 59,
493 3706 709 3784 φασεῖς
754 3721 812 3763 v.
866 3698 969 3776 79,
1019 3694 1145 3780 ἐρεῖ
1188 3721 1246 3763 v.
1301 3700 1446 3780 126,
1494 3707 1692 3761 κεντεῖ
1735 3721 1792 3764 v.
1833 3700 1979 3780 130,
2013 3694 2176 3785 ἡξεῖς
2209 3721 2268 3765 v.
2306 3700 2453 3780 144,

335 3822 521 3901 φωνεῖ
562 3837 622 3878 v.
673 3816 820 3879 146.
884 3891 889 3900 ¹
1723 3828 1728 3835 '

557 3982 597 4052 ¹)
639 3975 779 4045 εἶπες
815 4003 868 4055 p.
907 3984 960 4038 k.
1001 3983 1170 4054 Ziegl.
1210 3984 1295 4038 Fr.
1324 3975 1474 4044 εἶπας
1501 4002 1545 4040 e.
1573 4003 1614 4039 ε.
1643 3985 1795 4055 vulg.
1824 3979 1992 4044 εἴπαις
2016 3983 2188 4054 Toup.
2215 3984 2452 4040 Brunck.

334 4072 469 4127 Ahr.
508 4071 675 4128 Mein.
712 4073 849 4129 Hill.
926 4073 1061 4130 Cum
1097 4071 1447 4130 Morsbachio
1484 4075 1551 4130 69
1577 4075 1726 4132 hunc
1753 4074 1933 4133 locum
1960 4077 2280 4148 corruptum
2303 4077 2457 4148 puto·
