3109 4859
1251 296 1553 363 ---·109
1607 333 1686 344 -η

650 475 793 542 Huc
864 478 1056 543 etiam
1127 499 1228 542 eos
1277 477 1484 541 refero
1540 477 1734 556 locos,
1783 476 1894 540 ubi
1939 478 2194 541 brevem
2241 473 2551 560 syllabam

429 595 693 658 finalem
740 596 978 678 excipit
1024 598 1200 658 muta
1246 616 1388 657 cum
1436 593 1727 676 sequenti
1773 593 2042 675 liquida:

650 720 943 793 στερεοῖσι
992 712 1307 794 βραχίοσιν
1353 733 1412 775 v.
1462 711 1567 789 48,
1619 707 1753 770 αἴκε
1799 713 2083 794 κρατήσω
2123 732 2181 773 v.
2219 710 2321 786 71,
2356 706 2552 795 ἀλλή-

429 828 598 889 λοισι
643 832 915 915 πνὲογτες
962 851 1019 891 v.
1072 829 1176 906 82,
1224 828 1402 910 χερσὶ
1448 824 1800 907 προδεικνὺς
1846 803 1904 912 ⁸v5
1953 827 2097 901 102,
2134 822 2365 887 ἁεικέσι
2395 825 2553 910 πλη-

429 952 573 1021 γαῖς
618 966 676 1007 v.
729 945 875 1023 110,
927 945 1215 1028 συνέφυρε
1263 937 1574 1040 πρόσωπον
1621 964 1681 1007 v.
1736 942 1881 1019 111,
1931 935 2266 1027 σφετέροισι
2309 936 2552 1028 τρέφον-

433 1080 534 1120 ται
582 1045 640 1123 v‘:
693 1060 838 1124 159.

1358 1307 1629 1374 XXVIL

1300 1470 1403 1537 De
1449 1468 1681 1537 hiatu,

652 1639 881 1705 Omnia
938 1640 1155 1704 -hiatus
1215 1640 1524 1722 exempla,
1575 1660 1988 1724 quaecumque
2037 1641 2205 1724 apud
2251 1640 2553 1706 Theocri-

435 1761 573 1822 tum
642 1757 964 1842 leguntur,
1036 1756 1295 1841 collegit
1340 1777 1699 1840 magnaque
1747 1780 1900 1821 cura
1946 1758 2248 1822 tractavit
2295 1757 2552 1824 Carolus

437 1874 649 1937 Kunst
707 1874 775 1937 in
835 1872 1382 1952 commentatione,
1441 1894 1582 1955 quae
1631 1874 1999 1937 inscribitur
2053 1872 2187 1952 „De
2233 1872 2556 1937 Theocriti

438 2012 624 2054 versu
671 1989 988 2067 heroico“‚
1038 1989 1105 2052 in
1154 1988 1689 2053 Dissertationum
1723 1987 2306 2053 Vindobonensium
2349 1989 2468 2054 vol.
2503 1986 2554 2054 Ι.

444 2107 610 2169 1887
661 2109 919 2187 recepta
966 2105 1099 2188 (pp.
1150 2106 1501 2181 97—122).

651 2220 743 2285 Ut
790 2222 1016 2284 ceteris
1080 2221 1397 2284 inferioris
1446 2221 1654 2285 aetatis
1700 2220 1907 2302 poetis
1955 2220 2046 2282 ita
2091 2218 2428 2284 Theocrito
2474 2221 2554 2284 ab

439 2336 719 2400 Homero
788 2337 1089 2400 traditam
1158 2359 1294 2399 esse
1352 2336 1893 2415 consuetudinem,
1942 2339 2014 2398 ut
2059 2338 2204 2399 ante
2252 2335 2557 2412 vocabula

440 2477 479 2516 a
525 2453 713 2516 certis
782 2452 1161 2536 quibusdam
1230 2452 1534 2535 stirpibus
1582 2456 1722 2516 orta
1768 2451 1977 2535 longis
2023 2450 2285 2535 syllabis
2332 2474 2555 2517 vocum

441 2569 953 2634 antecedentium
1000 2567 1297 2631 finalibus
1344 2572 1544 2632 totam
1593 2568 1906 2632 tribueret
1951 2590 2333 2647 mensuram,
2368 2568 2554 2632 inde-

439 2707 562 2768 que
612 2685 908 2748 effectum
956 2706 1114 2763 esse,
1161 2686 1230 2747 ut
1275 2683 1342 2746 in
1386 2684 1674 2748 versibus
1709 2684 2156 2767 componendis
2188 2706 2372 2748 voces
2404 2684 2555 2749 olim

441 2825 479 2865 a
528 2801 849 2885 digammo
897 2800 1295 2883 incipienteS,
1344 2802 1680 2881 postquam
1721 2801 1856 2881 jam
1902 2800 2149 2883 pridem
2197 2783 2556 2864 evanuisset

439 2917 712 2981 initialis
756 2917 943 2980 litera
991 2917 1259 3000 spirans,
1309 2916 1529 3004 eadem
1577 2916 1822 2978 ratione
1870 2938 1997 2998 qua
2028 2915 2342 2981 Homerus
2374 2938 2555 2982 usur-

437 3035 644 3117 paret,
715 3038 925 3096 monet
972 3032 1201 3108 Kunst‚
1251 3053 1375 3115 qua
1423 3053 1490 3095 re
1547 3033 1894 3094 commotus
1942 3053 2046 3096 eos
2093 3054 2338 3115 quoque
2386 3032 2554 3096 locos

438 3148 870 3225 Theocriteos,
943 3149 1050 3212 ubi
1119 3149 1186 3211 in
1254 3148 1435 3211 hiatu
1503 3147 1907 3210 inveniantur
1968 3147 2273 3212 vocabula
2320 3147 2471 3211 olim
2519 3172 2556 3211 a

442 3266 763 3348 digammo
810 3264 1200 3346 incipientia,
1247 3285 1370 3327 non
1419 3263 1608 3327 aliter
1655 3266 1843 3346 atque
1890 3261 2102 3327 hiatus
2152 3264 2446 3346 exempla
2478 3286 2555 3326 ex

441 3381 584 3446 aliis
632 3380 1001 3444 recentioris
1044 3381 1250 3445 aetatis
1283 3380 1488 3463 poetis
1519 3380 1721 3462 petita
1753 3399 1955 3461 neque
1999 3379 2255 3457 „eadem
2288 3380 2554 3457 ratione,

441 3519 567 3581 qua
612 3497 679 3559 in
726 3496 989 3559 Homeri
1036 3496 1441 3571 carminibus
1491 3496 1601 3560 ubi
1648 3495 1858 3559 hiatus
1906 3494 2225 3579 digammo
2270 3494 2546 3558 tollitur“

441 3614 805 3676 tractandos
852 3612 963 3675 sed
1011 3612 1236 3675 ceteris
1284 3610 1567 3676 hiatibus
1615 3611 2117 3675 adnumerandos
2166 3633 2300 3674 esse
2334 3611 2557 3674 statuit

443 3728 511 3812 (l.
563 3750 615 3792 c.
666 3726 973 3809 97—98).

660 3843 778 3907 Hic
837 3843 1271 3907 tantummodo
1341 3843 1415 3905 de
1484 3842 1786 3922 hiatibus,
1856 3842 1965 3926 qui
2013 3846 2156 3905 sunt
2212 3842 2277 3905 in
2324 3842 2571 3923 idylliis.

443 3957 587 4037 XV,
635 3957 878 4040 XVIII,
928 3956 1135 4036 XVII,
1183 3957 1390 4038 XXII,
1440 3981 1649 4043 agam.
