3109 4859
1470 401 1548 409 ·-
1606 363 1727 428 124
1779 399 1859 410 -

534 622 538 627 Ι
610 544 939 628 magisque
1009 566 1303 608 versuum
1381 544 1735 607 adfectasse
1812 544 2291 620 volubilitatem,
2372 546 2590 607 contra
2660 541 2726 606 in

608 659 846 744 idylliis
895 660 1196 725 bucolicis
1244 660 1598 725 Homerum
1656 661 1865 744 potius
1914 664 2102 742 atque
2150 682 2333 723 suum
2380 660 2577 743 ipsius
2622 660 2723 722 in-

609 776 871 861 genium
938 780 1222 841 secutum
1292 777 1587 842 liberiore
1658 800 1839 841 usum
1901 753 2037 839 esse
2084 777 2390 840 111131οηθῆ
2485 775 2557 840 P.
2610 778 2719 841 17:

619 892 915 972 „Constat
958 916 1108 957 vero
1155 894 1415 977 spondei
1463 894 1530 957 in
1562 893 1932 957 hexametro
1964 916 2144 980 usum
2181 917 2217 957 a
2250 894 2452 976 poetis
2486 892 2723 957 Graecis

607 1012 965 1093 temporum
1011 1031 1299 1074 successu
1347 1011 1553 1096 magis
1599 1011 1931 1095 magisque
1981 1032 2115 1073 esse
2166 1010 2591 1073 restrictum“.
2642 1045 2723 1053 —-

609 1124 854 1189 Vereor
898 1130 1112 1189 tamen
1158 1148 1237 1190 ne
1277 1128 1452 1210 justo
1498 1126 1640 1209 plus
1689 1148 1766 1189 ex
1812 1125 1934 1190 hac
1967 1126 2390 1209 spondeorum
2423 1126 2724 1209 frequen-

607 1242 700 1305 tia
746 1243 1088 1326 conjecerit
1152 1243 1380 1306 Kunst.
1461 1243 1626 1333 *Jam
1658 1264 1862 1325 supra
1909 1243 2079 1306 enim
2126 1242 2395 1306 vidimus
2443 1241 2726 1308 carmina

609 1356 933 1429 Theocriti
1003 1358 1184 1442 epica
1252 1359 1316 1421 in
1385 1358 1567 1422 hiatu
1636 1359 1999 1441 usurpando
2069 1359 2147 1422 ad
2207 1353 2723 1422 consuetudinem

608 1474 873 1538 Homeri
941 1474 1200 1558 propius
1271 1452 1580 1538 accedere*
1642 1497 1832 1558 quam
1880 1477 2091 1539 cetera
2137 1475 2385 1557 idyllia3
2447 1478 2584 1538 tum
2631 1477 2730 1538 est

609 1591 1070 1659 observandum
1127 1613 1252 1654 non
1321 1591 1558 1670 deesse,
1615 1592 1726 1675 qui
1774 1591 1849 1654 de
1896 1591 2257 1675 frequentia
2303 1591 2729 1674 spondeorum

609 1707 777 1790 apud
822 1706 1172 1771 Homerum
1219 1708 1604 1771 exstantium
1653 1708 2050 1791 aliquantum
2096 1708 2470 1771 imminuere
2504 1702 2761 1787 velint„

607 1823 700 1887 ita
768 1823 1025 1906 quidem
1095 1825 1166 1885 ut
1232 1824 1456 1908 longas
1525 1824 1803 1906 syllabas
1852 1823 2278 1908 diphthongos
2327 1823 2725 1887 continentes

607 1939 676 2002 in
723 1939 904 2002 binas
951 1940 1175 2003 breves
1223 1940 1542 2018 diducant,
1595 1963 1673 2003 ex
1719 1961 1844 2023 quo
1892 1940 2156 2003 fortasse
2205 1939 2580 2024 explicanda
2627 1943 2726 2003 est

607 2076 843 2139 magna
913 2055 1292 2133 differentia,
1365 2077 1506 2139 quae
1569 2056 1908 2119 intercedit
1978 2057 2144 2119 inter
2188 2056 2441 2121 tabulas
2488 2055 2725 2119 Kunsti

608 2174 741 2254 (pp.
795 2170 1080 2247 1·6—-17)
1128 2175 1193 2236 et
1238 2171 1748 2235 Alexandersoni
1797 2171 2095 2249 (Grekisk
2142 2171 2380 2235 Metrik
2415 2171 2721 2249 63—64),

608 2287 718 2351 ubi
765 2287 840 2349 de
889 2287 1081 2351 variis
1127 2288 1483 2351 hexametri
1530 2288 1752 2352 formis
1801 2290 1879 2351 ab
1923 2287 2204 2352 Homero
2235 2289 2301 2350 in
2335 2288 2538 2370 primo
2571 2285 2730 2351 Ilia-¹

594 2402 707 2491 ¹dis
756 2404 1032 2466 carmine
1081 2403 1402 2487 usurpatis
1450 2404 1666 2488 agitur
1699 2403 1768 2485 ¹).
1862 2403 2131 2467 Accedit
2171 2404 2336 2487 quod
2372 2441 2450 2448 -—
2487 2407 2557 2466 ut
2587 2404 2724 2488 ipse

610 2518 821 2581 docuit
889 2518 1099 2583 Kunst
1170 2556 1251 2564 ——
1310 2542 1533 2584 versus
1582 2519 1908 2603 spondiaci
1956 2520 2023 2583 in
2070 2520 2232 2603 epici
2282 2520 2534 2604 generis
2584 2542 2724 2583 car-

608 2635 883 2699 minibus
955 2636 1450 2718 frequentissimi
1519 2640 1685 2700 sunt.
1782 2636 2076 2700 Ceterum
2137 2637 2296 2699 mihi
2344 2637 2722 2719 persuadere

606 2773 734 2816 non
802 2772 1056 2842 possum
1124 2750 1533 2816 Theocritum
1604 2753 1670 2816 in
1726 2728 2171 2858 componendis
2221 2754 2415 2835 epicis
2464 2753 2721 2837 idylliis‚

546 2905 553 2911 -
607 2890 876 2950 quorum
921 2868 1228 2931 sermonis
1274 2871 1444 2932 totus
1493 2869 1667 2932 color
1712 2869 1978 2933 Homeri
2025 2868 2299 2953 vestigia
2346 2868 2630 2933 consulto
2660 2871 2725 2934 et

607 2983 739 3047 fere
811 2987 1171 3053 constanter
1238 2987 1524 3048 secutum
1594 3007 1729 3048 esse
1798 2988 2051 3068 poetam
2122 2984 2379 3065 indicet,
2429 2986 2596 3067 quod
2644 2986 2725 3049 ad

580 3101 906 3165 ·metricas
941 3100 1244 3163 attineret
1274 3123 1376 3164 res
1410 3100 1582 3165 aliud
1614 3102 1732 3166 sibi
1767 3104 2093 3184 tamquam
2127 3102 2453 3183 exemplar
2477 3103 2556 3164 ad
2582 3101 2724 3165 imi-

604 3216 868 3280 tandum
914 3217 1334 3300 proposuisse.
1426 3216 1603 3281 Idem
1652 3217 1921 3299 denique
1954 3217 2229 3280 studium
2263 3218 2555 3281 imitandi
2589 3217 2723 3280 Ho-

606 3355 851 3397 merum
918 3333 984 3396 in
1053 3334 1536 3416 productionum
1606 3333 1986 3416 frequentia,
2058 3355 2199 3416 quae
2270 3336 2366 3398 est
2412 3335 2477 3396 in
2526 3332 2723 3416 epicis

607 3450 1012 3527 carminibuS,
1084 3450 1490 3533 conspicitur.
1584 3448 1817 3513 Verbis
1888 3448 2263 3528 Hermanni,
2336 3471 2475 3533 quae
2546 3452 2721 3514 sunt:

619 3566 757 3637 ,vix
803 3566 1000 3630 ullum
1048 3566 1281 3629 certius
1328 3565 1697 3629 recentioris
1762 3565 1967 3629 aetatis
2016 3569 2113 3629 est
2144 3566 2481 3644 indicium,
2531 3588 2725 3649 quam

607 3681 771 3765 quod
819 3703 851 3744 e
900 3682 1120 3746 crebro
1165 3680 1392 3745 harum
1437 3681 1901 3765 correptionum
1939 3703 2053 3744 usu
2087 3682 2525 3765 depromatur“
2568 3681 2723 3745 locis

611 3819 808 3880 nuper
877 3798 1086 3861 allatis
1155 3819 1280 3862 non
1348 3800 1594 3860 tantam
1656 3798 2098 3862 auctoritatem
2145 3797 2423 3861 tribuere
2471 3797 2724 3861 videtur

823 4046 861 4116 ¹)
902 4048 996 4103 Cfr
1031 4047 1390 4102 Paulsonium
1429 4047 1628 4103 Studia
1665 4048 1938 4104 Hesiodea
1974 4049 2016 4104 Ι.
2057 4049 2089 4103 3
2127 4051 2243 4103 not.
2286 4048 2313 4102 1
2353 4050 2410 4104 et
2450 4048 2675 4105 10—12.
