3109 4859
1018 443 1107 468 „
1230 401 1579 478 .-.19-

266 621 281 636 κ
320 569 589 667 linquit.
685 581 759 647 G.
831 582 1092 665 Meyero
1165 581 1292 645 397
1366 563 1633 645 obscura
1703 581 1953 646 videtur
2021 584 2191 648 vocis
2262 585 2459 670 origO.

337 700 715 785 Brugmann
785 698 1009 784 Vergl.
1081 697 1295 763 Gram.
1366 696 1448 761 II.
1526 700 1674 777 141,
1744 667 1933 763 Anin.
2000 700 2137 763 fieri
2184 701 2516 784 potuisse⁴

341 785 722 900 suspicatur,
770 819 859 892 ‘ut
907 816 1033 878 dor.
1084 823 1292 899 τῆνο-ς
1338 818 1448 878 aut
1495 837 1573 877 ex
1622 836 1914 895 teg-evm:
1958 813 2253 880 oreretur'
2289 818 2464 900 (con-

220 1011 227 1018 ,
339 936 470 997 stat
519 954 612 993 ε-ε
665 932 831 1015 apud
877 931 1217 995 Dorienses
1265 932 1418 1014 inm
1468 931 1848 1014 coalescere)
1900 936 1963 995 et
2009 933 2089 996 ad
2139 941 2226 994 τεῐ
2252 933 2464 1003 (adul-

339 1041 550 1113 teriua
619 1025 973 1131 diphtongo
1035 1048 1398 1131 praeditum)
1468 1051 1875 1126 revocaretur
1944 1048 2145 1131 (velut
2201 1046 2467 1118 ἐκεῖνο-ς

345 1166 478 1229 dor.
548 1174 761 1249 κῆνο-ς
829 1185 906 1226 ex
973 1160 1378 1246 (})zeg-z-:*)0-<:‚
1430 1160 1586 1240 ἐκεῖ)
1636 1167 1744 1227 aut
1792 1166 1870 1228 ad
1917 1153 2501 1230 instrumentalem‘

344 1257 452 1363 qui
522 1284 615 1344 est
687 1289 756 1365 τῆ
828 1281 1257 1358 reduceretur,
1307 1302 1384 1343 ex
1432 1302 1557 1364 quo
1606 1282 1820 1344 addito
1867 1282 2088 1345 suffixo
2135 1302 2233 1343 -νο
2281 1304 2464 1365 repe·
2529 1259 2532 1260 γ

340 1399 580 1460 teretur
627 1404 886 1480 τῆ-νο-ς.
982 1395 1211 1459 Alieno
1259 1399 1472 1459 autem
1513 1398 1756 1480 judicio
1804 1398 2217 1480 quaestionem
2267 1399 2463 1461 relin-

338 1534 531 1596 quere
600 1512 759 1576 mihi
829 1513 1082 1576 videtur
1152 1512 1413 1597 Brugm.
1488 1513 1721 1576 additis
1785 1513 1883 1576 his
1930 1514 2173 1577 verbis:
2250 1514 2466 1593 „Frei-

337 1628 470 1692 lich
515 1629 760 1694 kommt
806 1650 914 1693 eno
961 1629 1027 1692 in
1056 1629 1282 1693 dieser
1327 1628 1546 1693 Weise
1598 1629 1689 1692 als
1738 1627 2245 1694 Secundar'suffix
2292 1634 2467 1695 sonst

342 1744 524 1807 nicht
569 1747 745 1809 vor“.

556 1860 714 1925 Rad.
787 1882 907 1945 χρη
979 1861 1328 1954 invenitur
1367 1862 1431 1925 in
1481 1862 1760 1944 χρῄζοντι
1818 1885 1877 1925 v.
1928 1863 2031 1940 28,
2080 1866 2202 1946 χρή
2250 1885 2309 1926 v.
2358 1863 2464 1960 45,

296 1957 307 1960 -
348 1975 769 2062 διαχρησεῖται
830 2001 889 2042 v.
941 1978 1043 2056 54,
1094 1979 1390 2063 χρησμώς
1433 2001 1491 2041 v.
1545 1979 1648 2055 63,
1696 1987 1941 2062 χρηστῶ
1988 2001 2047 2042 v.
2101 1979 2201 2057 75,
2250 1987 2465 2063 χρῆμα

240 2088 244 2092 ⁴
341 2116 441 2157 vv.
492 2096 597 2172 23,
648 2096 754 2173 83,
803 2091 1069 2178 (χρῆμ’),
1125 2095 1283 2171 145;
1456 2181 1462 2188 ι
1785 2075 1794 2088 '

306 2209 464 2294 ’πλη
512 2210 789 2274 radicem
840 2211 1088 2293 praebet
1135 2207 1404 2294 ἄπληστε
1453 2233 1510 2273 v.
1562 2212 1666 2274 30.

498 2407 502 2418 Ἄ
553 2325 770 2410 Vulgo
839 2330 1225 2410 putaverunt
1291 2326 1653 2420 hujusmodi
1725 2325 1968 2390 radices
2015 2349 2093 2389 ne
2142 2327 2207 2389 in
2254 2349 2467 2411 graeca

348 2440 602 2523 quidem
652 2442 894 2526 ‘lingua
960 2442 1376 2526 primigenius
1445 2442 1641 2505 fuisse
1712 2442 1822 2505 sed
1868 2441 2227 2520 metathesi,
2276 2465 2467 2525 quam

349 2560 598 2636 vocant,
665 2561 729 2621 et
791 2558 1204 2642 productione
1274 2558 1666 2642 suppletoria
1737 2582 1773 2620 a
1843 2557 2161 2622 radicibus
2209 2560 2467 2623 brevem

346 2674 633 2766 vocalem
700 2674 868 2737 inter
943 2674 1330 2757 explosivam
1410 2676 1474 2736 et
1542 2678 1872 2737 sonantem
1920 2674 2283 2737 tenentibus
2330 2674 2464 2744 πελ,

345 2810 459 2872 χερ
507 2793 627 2853 etc.
676 2795 846 2854 ortas
895 2812 1049 2853 esse.
1144 2788 1346 2865 Quam
1393 2790 2135 2872 sententiam.c.0piosius
2180 2791 2470 2873 exposuit

346 2903 751 2999 Siegisuiund
799 2906 971 2970 Ourt.
1021 2904 1197 2970 Stud.
1244 2905 1322 2970 V.
1387 2905 1752 2970 195—207.
1850 2905 1960 2969 Cfr
1990 2905 2255 2991 Brugm.
2293 2905 2465 2970 Curt.

349 3018 526 3085 Stud.
572 3020 684 3086 IV.
735 3024 858 3087 113
891 3026 1042 3099 not.,
1077 3022 1341 3085 Meister
1372 3022 1414 3086 1.
1449 3044 1501 3084 c.
1539 3023 1644 3098 68,
1680 3021 1853 3086 Curt.
1888 3021 2160 3086 Grundz.
2198 3024 2279 3085 52
2314 3044 2467 3105 seq.,

353 3138 477 3201 175
513 3134 828 3222 (γεν-γνη),
866 3139 990 3203 739
1028 3136 1329 3218 „Nachtr.
1364 3160 1439 3201 zu
1471 3161 1519 3202 s.
1560 3138 1720 3203 199“
1763 3141 2106 3222 (χερ-χρη).
2159 3137 2277 3201 His
2311 3161 2468 3221 quo-

346 3276 469 3338 que
519 3253 836 3326 radicibus
882 3254 1335 3340 primigenium
1386 3275 1426 3314 α
1474 3249 1755 3318 vindicat
1801 3252 2118 3318 Schrader
2162 3254 2204 3318 l.
2252 3276 2305 3319 c.
2342 3227 2467 3318 322

348 3370 587 3435 -325.
685 3369 756 3434 Gr.
806 3370 1024 3455 Meyer
1072 3375 1285 3434 autem
1331 3372 1415 3435 40
1465 3373 1593 3434 not.
1647 3371 1826 3434 docet
1856 3370 2240 3434 metathesin
2273 3370 2469 3449 illam,

346 3487 400 3548 si
446 3487 703 3550 omnino
751 3488 1087 3551 statuenda
1134 3488 1236 3565 sit,
1285 3486 1353 3550 in
1399 3487 1720 3570 plerisque
1754 3486 2118 3570 hujusmodi
2151 3486 2470 3549 radicibus
2541 3511 2546 3522 ·

345 3602 479 3684 jam
524 3602 591 3664 in
637 3602 860 3687 lingua
907 3604 1349 3686 indoeuropaea
1397 3603 1633 3666 factam
1682 3623 1854 3681 esse,
1889 3603 1951 3665 id
2000 3603 2161 3684 quod
2214 3603 2289 3664 de
2335 3603 2467 3666 rad.

354 3716 473 3802 πλη
541 3741 656 3802 pro
726 3722 898 3783 certo
968 3719 1284 3783 affirmant
1354 3722 1417 3782 et
1485 3718 1558 3783 G.
1620 3718 1841 3801 Meyer
1899 3719 1940 3781 l.
1992 3739 2043 3781 c.
2095 3721 2159 3780 et
2205 3706 2468 3802 Brugm.

354 3831 574 3917 Vergl.
622 3833 837 3899 Gram.
888 3832 940 3899 I.
992 3836 1094 3900 62.
1189 3833 1391 3910 Quum
1427 3852 1579 3898 v‘ero
1614 3834 2015 3897 difficultates
2048 3856 2173 3896 non
2206 3833 2470 3917 exiguas

351 3950 638 4034 praebeat
705 3952 817 4015 illa
888 3952 1247 4035 explicandi
1320 3952 1501 4028 rati0,
1575 3952 1765 4014 aliam
1830 3950 2159 4033 proposuit
2205 3949 2470 4034 Brugm.

346 4066 667 4150 Morphol.
716 4065 1104 4133 Untersuch.
1153 4065 1202 4131 I.
1258 4069 1288 4131 1
1342 4090 1551 4151 seqq.:
1616 4088 1655 4151 η
1702 4089 1817 4150 pro
1864 4066 2086 4129 suffixo
2132 4065 2328 4130 habet
2372 4066 2472 4129 in-
