3109 4859
1632 383 1978 446 „84”

743 568 802 626 tv
850 562 1215 627 deducenda
1259 566 1424 626 sunt.
1518 561 1591 626 G.
1641 560 1865 644 Meyer
1910 562 2061 640 258,
2110 562 2231 626 381
2285 561 2467 646 seq.),
2517 582 2580 623 τυ
2610 585 2704 626 vv.
2740 564 2830 641 12,

742 680 849 759 40,
919 682 1025 759 41,
1096 679 1356 759 (Enclit.
1427 700 1561 742 acc.
1611 698 1676 739 w
1726 679 1855 743 dor.
1907 678 2164 742 dialecti
2210 679 2502 761 proprius
2548 682 2675 757 est3
2720 679 2833 743 for-

742 799 910 859 tasse
960 797 1180 859 eadem
1227 798 1324 859 est
1369 795 1575 859 forma
1623 817 1696 859 ac
1742 817 1909 859 nom.
1959 795 2045 855 τί).
2140 794 2251 858 Cfr
2290 794 2551 880 Brugm.
2586 795 2626 859 l.
2658 817 2708 860 c.
2741 796 2836 874 65,

744 910 817 975 G.
889 911 1110 994 Meyer
1175 911 1348 991 383),
1398 932 1486 973 τοι
1532 935 1632 976 vv.
1683 911 1787 990 34,
1838 913 1943 991 35,
1994 911 2098 986 38,
2147 910 2253 989 46,
2304 911 2430 975 102
2479 910 2661 992 (Ahr.
2703 891 2836 975 l.’c.

745 1027 905 1092 252:
977 1026 1190 1112 Vulgo
1258 1027 1602 1091 Dorienses
1648 1049 1766 1111 pro
1811 1027 2023 1092 dativo
2070 1024 2163 1089 τοί
2208 1022 2702 1110 ὀρθοτονοὺμενον
2747 1032 2839 1104 (ex

745 1143 915 1233 rfots)
984 1144 1085 1208 vel
1155 1163 1245 1204 τοι
1314 1144 1527 1208 enclit.
1579 1147 1907 1227 usurpant.
2000 1143 2324 1208 Praeterea
2369 1144 2437 1207 in
2483 1144 2562 1207 iis
2608 1164 2839 1227 quoque

746 1260 1030 1324 dialectis
1101 1260 1311 1338 (Hom.
1381 1282 1506 1324 rec.
1557 1261 1684 1325 ion.
1729 1260 1887 1324 lesb.
1937 1260 2102 1342 att.),
2151 1261 2260 1324 ubi
2305 1260 2615 1345 incipiens
2661 1268 2741 1349 ‘cf
2784 1259 2840 1322 in

746 1396 781 1436 0
826 1377 1197 1440 mutandum
1246 1381 1359 1456 est,
1409 1377 1771 1440 encliticum
1816 1369 1904 1438 ‘'cot
1936 1379 2163 1455 exstat,
2197 1377 2360 1460 quod
2394 1399 2520 1441 non
2553 1401 2593 1441 a
2622 1376 2838 1460 prima—

744 1493 840 1556 ria
887 1498 1028 1578 ‘ej-’oz
1076 1493 1433 1577 profectum
1492 1496 1591 1556 est
1648 1493 1758 1557 sed
1807 1494 1884 1557 ad
1931 1514 2168 1572 sanscr.
2217 1493 2429 1557 enclit.
2482 1494 2611 1557 dat.
2660 1500 2716 1556 te
2756 1514 2835 1555 re-

744 1610 1029 1693 spondet.
1123 1609 1234 1674 Ofr
1302 1609 1567 1693 Brugm.
1637 1609 1680 1675 l.
1751 1630 1803 1673 c.
1878 1610 1982 1689 66,
2039 1608 2114 1674 G.
2161 1609 2384 1692 Meyer
2429 1610 2580 1674 384.
2672 1608 2831 1672 Hunc

745 1726 1104 1790 encliticum
1177 1725 1458 1789 dativum
1527 1725 1803 1789 ethicum
1877 1746 1966 1787 τοι
2034 1725 2099 1788 in
2171 1724 2437 1789 Atthide
2508 1725 2677 1789 idem
2723 1744 2835 1787 esse

743 1842 1146 1922 vocabulum,
1170 1846 1357 1926 atque
1406 1825 1768 1906 encliticam
1813 1841 2192 1925 particulam
2239 1862 2327 1903 τοι
2373 1844 2436 1906 vi
2485 1841 2839 1905 affirmativa

744 1957 1082 2040 praeditam
1151 1959 1379 2021 docent
1425 1958 1497 2022 G.
1547 1957 1770 2041 Meyer
1814 1958 1858 2021 l.
1908 1978 1984 2036 c.,
2032 1957 2297 2041 Brugm.
2346 1957 2388 2021 l.
2438 1979 2492 2022 c.
2543 1959 2648 2036 66,
2698 1957 2839 2029 12ος

743 2074 904 2136 item
952 2072 1155 2137 Cauer
1198 2074 1241 2136 l.
1293 2096 1345 2137 c.
1397 2074 1544 2151 141,
1594 2073 1978 2136 sententiam
2023 2070 2478 2157 Naegelsbachi
2512 2074 2840 2157 amplexus».

745 2187 970 2253 Altera
1015 2190 1330 2273 particula
1378 2210 1486 2262 τοι,
1533 2212 1674 2276 quae
1723 2189 2119 2253 orthotonica
2167 2192 2262 2252 est
2304 2192 2367 2253 et
2399 2190 2843 2253 conclusionem

744 2306 1063 2390 quandam
1108 2304 1449 2390 significat,
1497 2304 2202 2369 secundum·Cauerum
2248 2305 2290 2369 l.
2340 2327 2393 2369 c.
2447 2305 2570 2368 142
2619 2327 2731 2388 pro
2760 2302 2843 2365 lo-

746 2423 951 2487 cativo
997 2422 1214 2507 stirpis
1262 2422 1774 2485 demonstrativae
1824 2441 1887 2482 το
1920 2421 2213 2485 habenda
2246 2424 2361 2486 est.
2406 2458 2483 2466 —-
2517 2419 2561 2486 J
2566 2444 2669 2486 am
2716 2423 2845 2483 ante

744 2540 957 2603 monui
1027 2537 1345 2603 Ahrensio
1413 2537 1608 2600 fuisse
1655 2560 2021 2620 persuasum
2072 2537 2415 2601 Dorienses
2462 2538 2620 2602 illud
2670 2535 2846 2600 encli-

744 2655 942 2732 ticum
989 2675 1077 2715 τοι
1125 2676 1238 2737 pro
1287 2653 1496 2717 dativo
1542 2650 1686 2717 11:ae
1733 2675 2019 2736 personae
2066 2653 2456 2738 pronominis
2488 2673 2846 2737 usurpasse;

745 2769 863 2835 hoc
931 2792 1081 2835 vero
1128 2790 1365 2853 negare
1413 2769 1667 2832 videtur
1713 2768 1787 2834 G.
1836 2769 2058 2853 Meyer
2103 2770 2147 2834 l.
2197 2792 2272 2848 c.,
2321 2770 2432 2833 ubi
2478 2773 2728 2833 tantum
2773 2785 2848 2827 τοι

746 2886 1211 2951 orthotonicum
1260 2871 1544 2949 doricum
1604 2885 1798 2949 fuisse
1847 2887 2088 2949 statuit.
2182 2883 2247 2948 Si
2297 2886 2385 2948 ita
2434 2889 2548 2963 est,
2600 2907 2679 2949 ex
2725 2883 2847 2947 Ho-

745 3002 982 3067 merico
1030 3023 1315 3066 sermone
1365 3002 1728 3065 encliticum
1776 3021 1864 3062 τοι
1910 3001 2206 3084 petivisse
2256 2998 2669 3064 Theocritum
2715 3020 2848 3063 con-

739 3119 1040 3201 jiciamus
1108 3139 1363 3181 necesse
1434 3121 1549 3181 est.
1625 3155 1703 3161 —-
1756 3116 2142 3180 Encliticum
2189 3136 2277 3177 τοι
2324 3138 2437 3199 pro
2486 3115 2848 3180 affirmativa

745 3234 1061 3317 particula
1107 3234 1221 3314 (=
1262 3233 1568 3317 profecto)
1630 3235 2009 3316 usurpatum·
2057 3256 2116 3296 v.
2167 3233 2250 3296 83
2296 3232 2579 3317 legitur),
2629 3236 2714 3293 τίν
2757 3251 2845 3295 vv.

748 3351 852 3428 89,
907 3352 1028 3414 109
1078 3348 1322 3432 (Boeot.
1374 3351 1505 3414 dor.
1558 3351 1683 3413 dat.
1735 3351 1819 3409 τίν
1853 3353 1956 3425 (ex
1989 3342 2154 3438 vfiv)
2189 3341 2420 3432 ubique
2455 3349 2621 3433 apud
2655 3347 2846 3411 Theo-

747 3465 976 3529 critum
1046 3466 1307 3550 longam
1375 3469 1640 3549 usurpat
1705 3464 2006 3528 vocalem.
2102 3465 2372 3549 Legitur
2441 3468 2524 3526 τίν
2596 3466 2663 3528 in
2729 3460 2844 3526 idd.

746 3580 1142 3645 Theocriteis
1190 3582 1542 3660 duodecieS,
1596 3581 1690 3645 bis
1737 3580 1803 3643 in
1851 3557 2381 3665 epigrammatis·
2445 3579 2568 3644 Ter
2616 3581 2727 3658 (id.
2770 3573 2845 3658 II.

747 3699 851 3778 20,
899 3698 985 3763 id.
1035 3695 1151 3761 ΙΙΙ.
1203 3701 1308 3776 33,
1359 3698 1465 3774 52)
1514 3697 1817 3761 vacillant
1860 3697 2029 3762 libri.
2124 3696 2316 3782 Apud
2362 3696 2708 3760 Pindarum
2743 3715 2758 3754 ι
2790 3694 2847 3755 et

744 3813 1006 3899 longum
1052 3816 1117 3877 et
1161 3814 1352 3878 breve
1402 3816 1516 3877 est.
1611 3810 1684 3875 In
1732 3812 2074 3877 Homerica
2117 3813 2339 3897 lingua
2372 3812 2450 3875 ad
2483 3814 2567 3874 τίν
2598 3831 2845 3894 respon-

748 3931 856 3994 det
901 3923 1019 3991 τεΐν
1068 3934 1171 4007 (ex
1203 3924 1423 4015 tefiv),
1456 3930 1637 4012 cujus
1671 3930 1746 3993 de
1778 3929 1987 3993 finalis
2020 3930 2279 4014 syllabae
2313 3929 2668 4012 quantitate
2700 3921 2847 3991 nihil

746 4069 861 4129 pro
910 4051 1080 4111 certo
1125 4046 1318 4110 statui
1365 4048 1635 4129 potest);
1682 4046 1839 4111 lesb.
1887 4045 2075 4111 Hom.
2124 4041 2301 4130 ὔμμιν
2348 4067 2408 4110 v.
2455 4047 2517 4110 4.
