3109 4859
1203 346 1415 409 *87
1471 382 1547 394 --

533 524 675 590 Huc
722 523 915 589 etiam
961 525 1170 589 refero
1213 523 1398 588 Hom.
1449 524 1663 589 enclit.
1713 543 1813 606 μιν
1856 546 1956 589 vv.
2007 526 2112 602 93,
2165 525 2310 594 103,

529 660 596 735 b)
646 658 890 723 Formae
940 659 1241 742 adjectivi
1286 658 1705 741 pronominis:

535 772 643 845 ἑάς
709 798 767 839 ν.
820 777 984 854 147;
1058 779 1392 862 σφετέροισι
1437 799 1496 839 v.
1551 777 1675 840 159
1726 775 2124 864 (ljeflexivum
2158 777 2249 839 ‘ad
2295 774 2439 858 plu-

312 892 468 957 ralis
499 951 508 956 ,
539 893 788 955 numeri
858 893 1217 975 subjectum
1284 890 1719 975 respondens),
1799 887 2110 976 σφετέροιο
2177 913 2237 956 v.
2311 892 2441 956 209

314 1001 719 1086 (reflexix'rum
767 1008 845 1072 ad
893 1007 1233 1093 singularis
1280 1008 1527 1071 numeri
1574 1007 1932 1091 subjectum
1978 1007 2356 1090 pertinens).

1286 1256 1462 1324 XXI.

919 1400 1021 1468 De
1069 1399 1381 1468 flexione
1429 1400 1840 1469 verborum.

1186 1569 1263 1635 In
1307 1571 1394 1638 id.
1441 1570 1565 1636 XV

313 1715 509 1799 hujus
557 1716 810 1800 generis
857 1737 1061 1799 pauca
1105 1718 1350 1778 tantum
1403 1718 1665 1794 restant,
1713 1737 1856 1798 quae
1900 1716 2235 1780 tractanda
2280 1715 2439 1778 mihi

313 1832 675 1895 videantur.

532 1946 969 2032 Augmentum
1015 1947 1410 2031 syllabicum‚
1459 1948 1627 2031 quod
1676 1950 1921 2025 vocant,
1970 1947 2184 2011 omisit
2227 1944 2354 2015 ἴδες
2390 1947 2437 2023 ¹)

314 2087 376 2128 v.
452 2064 557 2127 25.
631 2099 713 2108 --
783 2062 881 2127 De
940 2060 1108 2125 ἐἶδον
1157 2086 1270 2147 pro
1320 2059 1530 2152 ἔξιδον
1579 2063 1675 2126 cfr
1723 2062 1895 2126 Curt.
1944 2062 2141 2128 Verb.
2190 2061 2241 2128 Ι.
2296 2065 2440 2140 126,

316 2178 395 2244 G.
467 2178 637 2262 Mey.
707 2180 857 2257 464,
931 2179 1005 2242 de
1077 2180 1307 2243 omisso
1335 2180 1697 2264 ‚augmento
1745 2177 1919 2243 Curt.
1966 2177 2009 2241 l.
2060 2200 2111 2242 c.
2167 2180 2313 2257 138,
2363 2179 2436 2244 G.

313 2295 491 2379 Mey.
538 2297 689 2358 426.
821 2296 825 2300 ⁴
1189 2287 1196 2294 ·
2174 2293 2183 2302 ·
2330 2269 2332 2278 ’

534 2410 693 2475 Ahr.
742 2412 784 2476 l.
836 2433 886 2475 c.
938 2412 1066 2475 314
1115 2413 1296 2476 docet
1343 2412 1792 2496 imperativum
1837 2433 2023 2494 praes,
2075 2411 2267 2475 activi
2298 2433 2442 2476 ver-

313 2531 549 2593 borum
594 2528 660 2591 in
709 2548 774 2611 μι
823 2527 1242 2591 desinentium
1312 2528 1479 2610 apud
1527 2525 1730 2592 Dores
1790 2527 2138 2591 breviorem
2191 2529 2441 2591 tantum

312 2645 559 2708 habere
629 2644 916 2722 formam,
990 2665 1130 2726 quae
1203 2645 1453 2726 abjecta
1521 2644 1970 2707 terminatione
2040 2643 2109 2703 θι
2156 2643 2435 2707 vocalem

312 2760 696 2845 productam
768 2758 1085 2824 exhibeat.
1182 2758 1293 2822 Cfr
1363 2758 1535 2823 Curt.
1611 2758 1807 2825 Verb.
1878 2756 1963 2823 II.
2037 2761 2115 2823 51
2177 2782 2307 2843 seq.
2359 2797 2439 2804 —-

309 2876 724 2942 Aoristorum
769 2898 919 2940 vero
966 2875 1373 2959 imperativos
1420 2875 1488 2937 in
1532 2875 1772 2939 Doride
1814 2898 1928 2959 per
1960 2868 2185 2939 atticas
2216 2875 2440 2939 termi-

316 2993 609 3057 nationes
672 2993 842 3056 exire
900 2993 943 3057 1.
994 3015 1046 3058 c.
1098 2993 1223 3057 315
1273 2978 1600 3054 contendit
1646 2989 1806 3054 Ahr.
1858 2990 2109 3071 Forma,
2158 3014 2298 3075 quae
2349 2995 2444 3055 est

314 3104 502 3170 ἵλᾶθι
569 3133 628 3173 v.
681 3110 825 3188 143,
887 3113 1100 3173 utrum
1147 3130 1261 3193 pro
1308 3107 1641 3191 praesentis
1690 3130 1771 3169 an
1816 3129 1931 3191 pro
1978 3107 2194 3170 aoristi
2240 3108 2442 3191 impe-

315 3225 527 3290 rativo
597 3222 891 3288 habenda
952 3226 1054 3302 sit,
1104 3226 1271 3288 inter
1315 3225 1485 3287 viros
1536 3223 1753 3286 doctos
1786 3245 1928 3286 non
1974 3224 2129 3287 satis
2172 3226 2442 3289 constat.

312 3341 492 3407 Illud
563 3345 777 3404 censet
847 3340 1101 3404 Curtius
1149 3337 1191 3405 l'.
1241 3363 1293 3404 c.
1346 3340 1451 3418 47,
1498 3339 1620 3403 hoc
1669 3338 1741 3403 G.
1791 3339 2013 3422 Meyer
2059 3339 2208 3403 496.
2303 3337 2440 3403 Sec.

318 3457 397 3523 G.
449 3456 617 3541 Mey.
666 3457 792 3521 437
844 3459 908 3519 et
956 3458 1081 3521 496
1133 3459 1321 3521 breve
1372 3459 1411 3517 ἅ
1456 3455 1821 3521 Theocritei
1861 3451 2048 3549 ἵλαθι
2081 3454 2313 3518 rectius
2348 3459 2444 3518 es‘t

318 3595 518 3657 quam
562 3593 601 3657 η
633 3572 858 3637 formae'
883 3572 1240 3636 Homericae
1278 3568 1481 3657 ἵληθι.
1520 3610 1600 3616 -
1635 3572 1732 3637 De
1768 3570 1905 3635 aeol.
1937 3567 2179 3644 ἰ’λλοιθι,
2215 3568 2444 3632 ἔλλαθι

320 3690 424 3755 cfr
471 3688 670 3753 Gerth
719 3688 892 3754 Gurt.
942 3686 1119 3752 Stud.
1166 3685 1285 3753 Izb.
1343 3690 1468 3753 217
1527 3692 1656 3753 not.
1693 3689 1796 3768 59,
1829 3687 2094 3752 Meister
2125 3687 2169 3752 l.
2204 3710 2256 3752 c.
2295 3688 2442 3752 143.

548 3937 588 4006 ¹)
621 3935 731 3999 ἴδες
785 3957 829 3995 e.
887 3938 1057 4008 Ziegl.
1095 3935 1263 3992 Mein.
1303 3937 1389 3991 Fr.
1429 3937 1541 3992 Hil.
1584 3929 1718 3997 εἶδες
1754 3956 1807 4008 p,
1845 3939 1900 3992 k,
1939 3938 2090 4007 vulg,
2128 3933 2269 4008 ἣνίὸ’
2308 3934 2443 4007 ἐγών

321 4030 460 4086 Ahr.
