3109 4859
1215 413 1294 422 —
1347 378 1428 442 69
1481 414 1562 421 --
1631 345 1640 352 ’

1300 555 1474 621 XIV.

643 699 747 768 De
796 698 1140 768 sibilante
1187 697 1305 767 vel
1355 697 1633 767 dentali
1681 697 2014 786 spirante
2067 721 2121 765 σ.

1198 870 1274 935 In
1319 871 1402 935 id.
1452 869 1576 935 XV

536 1013 623 1081 A.
715 987 1178 1099 Primigenium
1249 1035 1283 1075 0
1352 1036 1524 1078 more
1596 1014 1808 1078 dorico
1867 1014 1935 1077 in
1982 1011 2012 1075 I
2056 1036 2223 1097 pers,
2275 1015 2445 1098 plur.

326 1133 664 1196 verborum
711 1135 1002 1196 servatur
1048 1130 1223 1214 (-μες
1271 1160 1353 1183 =
1400 1131 1528 1196 ion.
1579 1133 1692 1194 att.
1739 1130 1897 1194 lesb.
1948 1133 2148 1213 -μεν);

539 1268 701 1357 ὦμες
748 1298 804 1338 v.
850 1276 910 1352 9,
945 1274 1202 1357 λέγομες
1234 1296 1292 1339 v.
1333 1275 1434 1353 15,
1470 1274 1665 1357 βᾶμες
1695 1297 1754 1338 v.
1789 1275 1893 1351 22,
1928 1269 2207 1357 ἕρπωμες
2247 1296 2305 1337 v.
2341 1256 2448 1351 42⁶,

332 1389 678 1473 σπεὺδωμες
723 1413 781 1454 v.
833 1391 937 1469 59,
990 1385 1358 1472 εἰσένθωμες
1402 1412 1462 1455 v.
1514 1390 1618 1469 68,
1670 1384 1835 1472 εἰμές
1881 1413 1979 1453 vv.
2033 1390 2135 1468 73,
2186 1391 2290 1461 89,
2344 1390 2447 1468 91,

327 1505 637 1590 λαλεῦμες
683 1531 741 1572 v.
793 1508 895 1586 92,
946 1501 1223 1588 οἱσεῦμες
1268 1528 1327 1571 v,
1379 1507 1524 1571 133.
1578 1541 1660 1551 -·
1706 1504 2040 1590 Nusquam
2084 1508 2267 1568 term.
2305 1525 2448 1589 -μεν

218 1631 229 1638 “
325 1626 686 1707 usurpatur.
741 1660 821 1667 —-
871 1622 982 1687 Cfr
1028 1621 1186 1686 Ahr.
1234 1623 1275 1685 l.
1325 1643 1379 1685 c.
1431 1623 1581 1700 291,
1631 1622 1801 1686 Curt.
1848 1621 2043 1686 Verb.
2088 1618 2138 1685 I.
2175 1622 2258 1685 64
2290 1644 2448 1705 seq„

324 1739 592 1824 Brugm.
642 1739 684 1804 1.
733 1761 786 1803 c.
841 1741 942 1818 73,
991 1738 1064 1803 Gr.
1114 1738 1337 1822 Meyer
1383 1738 1532 1801 411.

541 1907 618 1976 Β.
712 1908 1069 1973 Geminatio
1115 1907 1317 1972 literae
1368 1928 1403 1968 σ
1448 1929 1564 1991 pro
1610 1906 1884 1990 simplici
1934 1928 1969 1967 σ
2017 1910 2340 1971 servatur:

544 2055 606 2131 1)
654 2052 722 2116 in
768 2056 949 2117 term.
1001 2073 1166 2114 -εσσι
1213 2053 1341 2117 dat.
1389 2051 1553 2136 plur.
1603 2047 1779 2116 111:ae
1843 2072 1984 2133 quae
2033 2052 2297 2114 vocatur
2343 2051 2451 2113 de-

324 2170 452 2234 clin
462 2169 689 2233 ationis
712 2192 725 2233 :
1959 2165 1968 2174 '

458 2371 463 2384 ι
544 2298 872 2385 Δωριὲεσσι
919 2325 977 2367 v.
1028 2305 1132 2383 93,
1181 2303 1465 2363 πάντεσσι
1511 2324 1609 2365 vv.
1663 2301 1810 2380 105,
1864 2301 2007 2363 111.

436 2439 440 2450 ·
542 2418 826 2503 Simplex
872 2442 1021 2483 vero
1069 2440 1104 2480 σ
1149 2419 1388 2502 legitur
1434 2419 1501 2481 in
1550 2417 1805 2502 στήθεσι
1851 2439 1909 2480 v.
1963 2417 2108 2479 135.

543 2536 806 2621 Brugm.
877 2534 1056 2600 Stud.
1126 2533 1240 2599 IV.
1294 2537 1372 2600 77
1426 2557 1501 2598 ex
1549 2535 1809 2618 antiquo
1857 2542 1973 2622 oft
2020 2521 2302 2616 proxime
2352 2554 2450 2615 ep.

324 2674 464 2714 -σσι
487 2656 621 2716 tum
648 2663 747 2713 ’-σι
779 2653 1085 2736 prodiisse
1119 2652 1463 2715 contendit.
1514 2648 1690 2715 Idem
1726 2652 1941 2715 censet
1974 2648 2237 2713 Meister
2269 2648 2446 2713 Stud.

324 2767 441 2835 IV.
515 2769 664 2833 409.
758 2768 832 2833 L.
905 2789 957 2832 c.
1006 2789 1123 2851 pp:
1166 2768 1314 2846 365,
1362 2769 1491 2831 416
1538 2787 1716 2828 -ασσι
1761 2766 2269 2830 terminationem
2319 2766 2452 2848 pri-

329 2885 680 2970 migeniam
751 2905 887 2949 esse
957 2884 1253 2968 opinatur
1298 2882 1583 2962 Meister,
1630 2883 1721 2945 ita
1769 2886 1839 2947 ut
1889 2904 1970 2945 ex
2014 2881 2452 2966 antiquissimo

338 3003 628 3062 πάντασσι
698 3001 1102 3067 debilitatum
1171 3000 1255 3063 sit
1323 3002 1626 3061 πάντεσσι.
1720 2998 1918 3063 Recte
1968 2999 2151 3062 docet
2196 2997 2452 3061 Fritsch

334 3115 508 3183 Stud.
556 3114 671 3181 VI.
735 3120 816 3182 98
881 3118 1163 3182 dativum
1210 3115 1373 3199 plur.
1423 3115 1718 3198 stirpium
1765 3115 1831 3177 in
1878 3135 1981 3175 -εσ
2030 3113 2453 3178 desinentium

200 3283 205 3288 .
330 3234 506 3298 velut
577 3231 783 3294 ἔπεσσι
853 3237 1001 3298 cett.
1064 3235 1157 3297 ita
1204 3254 1339 3297 esse
1389 3233 1751 3309 formatum,
1800 3234 1872 3295 ut
1916 3234 2098 3295 term.
2150 3251 2244 3291 -σι
2288 3230 2455 3315 legi-

326 3351 487 3415 tima
534 3350 779 3415 ratione
829 3372 971 3413 cum
1017 3350 1216 3433 stirpe
1265 3351 1603 3433 conjuncta
1649 3348 1750 3411 sit.
1845 3347 1983 3412 Hoc
2032 3349 2250 3411 contra
2282 3345 2454 3410 Krii-

286 3489 559 3553 ·gerum
605 3469 839 3544 monet,
889 3467 997 3550 qui
1060 3464 1266 3527 ἐ’πεσσι
1316 3489 1394 3529 ex
1441 3464 1684 3526 ἐπέεσσι
1732 3464 1932 3528 altero
1980 3486 2006 3524 ε
2058 3465 2261 3547 ejecto
2307 3484 2455 3546 pro-

190 3607 199 3615 ·
329 3584 569 3648 fectum
618 3568 754 3647 esse
803 3585 1004 3666 putat.
1100 3580 1277 3647 Stud.
1327 3579 1439 3646 IX.
1491 3582 1840 3646 297—298
1889 3584 2020 3645 not.
2075 3581 2152 3643 12
2188 3571 2452 3664 Brugm.

330 3700 496 3763 hanc
544 3700 806 3782 protulit
852 3698 1264 3763 sententiam:
1314 3697 1704 3761 Terminatio
1750 3716 1934 3768 -εσσι,
1980 3717 2120 3779 quae
2156 3695 2236 3758 ab
2269 3694 2454 3758 initio

333 3816 415 3880 ad
483 3815 712 3899 stirpes
768 3838 883 3899 per
928 3835 1028 3883 -ες
1075 3816 1378 3883 exeuntes
1426 3814 1808 3898 pertinebat,
1859 3833 1936 3874 ex
1984 3809 2280 3895 analogia
2325 3810 2455 3873 late

332 3931 581 4015 patenti
626 3932 693 3995 in
738 3955 920 3998 omne
967 3952 1168 4016 genus
1216 3929 1509 4013 stirpium
1555 3952 1672 4013 per
1710 3950 2044 3993 consonam
2087 3926 2454 3991 exeuntium

334 4048 646 4112 translata
715 4053 828 4112 est.
923 4047 1085 4123 Quin
1158 4046 1350 4109 etiam
1421 4046 1498 4109 ad
1560 4046 1731 4128 ipsas
1778 4045 1921 4108 illas
1968 4043 2199 4126 stirpes
2246 4043 2312 4105 in
2358 4063 2457 4122 -ες
