3109 4859
1561 347 1565 354 .

1585 343 1887 410 42-

672 518 913 603 XXIII,
960 544 1102 616 quae
1150 523 1430 588 carmina
1475 523 1773 589 Meineke
1818 527 1882 588 et
1914 522 2066 588 Otto
2100 524 2375 610 Hempel
2405 521 2790 610 (‚,'Quaestio-

626 711 633 724 ⁸
673 660 785 702 nes
832 638 1290 719 Theocriteae“,
1338 639 1526 704 Kiliae
1580 641 1744 705 1881
1796 663 1905 726 pp.
1954 642 2240 720 28—32)
2298 642 2635 710 Theocrito
2666 647 2785 711 tri-

670 756 962 820 buerunt.
1055 756 1214 820 Haec
1260 755 1481 840 idyllia
1526 756 1786 821 incertis
1834 758 2196 823 adnumerO.
2237 811 2243 824 .

883 870 1244 937 Dialectum
1293 872 1642 938 carminum
1703 872 2222 939 Theocriteorum
2267 875 2369 941 vel
2414 876 2644 942 leviter
2689 879 2787 942 in-

669 988 1045 1073 spicientem
1088 988 1197 1053 vix
1246 989 1526 1074 effugere
1574 994 1785 1073 potest
1830 990 2096 1056 mixtam
2143 993 2461 1075 quandam
2508 994 2786 1077 speciem

668 1106 953 1187 praebere
1000 1127 1351 1170 sermonem
1397 1106 1792 1191 singulorum
1840 1107 2208 1172 carminum.
2286 1106 2330 1171 J
2333 1130 2436 1172 am
2481 1109 2590 1173 diu
2621 1111 2786 1175 inter
2831 1131 2837 1136 ·

642 1221 836 1286 viros
907 1222 1124 1286 doctos
1194 1225 1480 1286 constare
1548 1222 1802 1286 videtur
1845 1244 1961 1306 pro
2005 1226 2233 1288 natura
2281 1226 2345 1287 et
2390 1224 2633 1288 ratione
2681 1248 2782 1288 re-

667 1359 827 1417 rum,
875 1359 1015 1422 quae
1063 1338 1131 1401 in
1175 1336 1444 1422 singulis
1491 1338 1875 1402 carminibus
1921 1341 2292 1420 tractentur,
2343 1340 2593 1403 omnino
2631 1361 2778 1404 con-

606 1501 613 1522 κ
668 1454 954 1518 stitutam
1001 1476 1134 1532 esse
1183 1453 1544 1532 dialectum,
1592 1454 1684 1518 ita
1729 1457 1801 1518 ut
1843 1455 2117 1520 maxime
2163 1455 2563 1539 usurpaverit
2592 1458 2777 1539 poeta

668 1569 945 1634 doricam
990 1570 1328 1635 dialectum
1387 1569 1452 1633 in
1499 1570 1627 1634 idd.
1676 1570 1945 1634 mimicis
1992 1573 2057 1634 et
2103 1571 2423 1652 bucoliciS,
2472 1571 2539 1635 in
2583 1570 2774 1654 epicis

665 1684 1138 1770 hom-epicam.
1200 1685 1478 1751 Maxime
1541 1686 1700 1750 dico·
1792 1684 2018 1770 Neque
2082 1687 2251 1750 enim
2296 1686 2668 1752 Theocritus
2713 1685 2775 1749 in

666 1802 794 1867 ullo
854 1803 1131 1870 carmine
1192 1824 1383 1866 unam
1439 1806 1630 1885 atque
1693 1803 1960 1866 eandem
2007 1806 2370 1868 constanter
2414 1804 2780 1886 persecutus

666 1921 764 1982 est
809 1917 1170 1985 dialectum.
1262 1913 1336 1981 In
1382 1918 1510 1982 idd.
1562 1918 1834 1981 mimicis
1867 1922 1931 1982 et
1964 1919 2265 1983 bucolicis
2297 1940 2421 1983 non
2450 1918 2781 2002 vulgarem

665 2034 933 2098 mitioris
982 2034 1215 2099 doridis
1262 2035 1541 2118 speciem
1588 2035 1937 2118 usurpavit,
1985 2056 2110 2118 qua
2156 2057 2304 2099 usus
2346 2038 2444 2098 est
2474 2033 2781 2125 Sophron,

667 2152 844 2235 cujus
869 2149 947 2215 ad
971 2150 1452 2215 similitudinem
1470 2150 1542 2213 in
1565 2149 1687 2214 hoc
1718 2151 2036 2215 scribendi
2068 2172 2301 2236 genere
2326 2172 2392 2214 se
2426 2151 2783 2214 conforma-

666 2270 877 2346 verat3
936 2268 1185 2351 epicum
1245 2271 1456 2332 autem
1503 2252 1871 2351 idylliorum
1917 2289 2119 2353 genus
2165 2266 2468 2331 nonnulla
2515 2267 2783 2350 praebet,

667 2406 805 2467 quae
854 2385 936 2449 ab
983 2384 1303 2469 epicorum
1349 2406 1636 2448 sermone
1684 2382 2087 2448 abhorreant.

877 2499 1147 2584 Propter
1193 2500 1553 2581 dialectum,
1605 2523 1731 2584 qua
1777 2499 2136 2583 conscripta
2182 2477 2347 2578 sunt,
2398 2497 2783 2579 δωρικώτερα

666 2616 858 2701 vulgo
918 2615 1320 2699 appellantur
1376 2617 1503 2680 idd.
1552 2617 1809 2680 mimica
1854 2613 1940 2694 II,
1988 2613 2165 2695 XIV,
2213 2613 2334 2678 XV
2383 2618 2449 2678 et
2492 2613 2783 2679 bucolica

665 2730 715 2808 I,
763 2729 1067 2797 III—XI.
1160 2732 1304 2796 Huc
1351 2732 1545 2796 etiam
1588 2732 1793 2797 refero
1824 2732 2094 2816 lyricum
2127 2731 2211 2795 id.
2245 2727 2491 2809 XVIII,
2525 2751 2782 2793 carmen

668 2847 930 2913 Helenae
977 2848 1283 2932 nuptiale,
1331 2851 1396 2912 et
1439 2850 1686 2913 incerta
1731 2849 1859 2913 idd.
1908 2845 2064 2912 XXI
2111 2845 2427 2929 (mimum)
2462 2848 2525 2909 et
2560 2842 2779 2909 XXIII

664 2963 947 3047 (carmen
995 2965 1416 3042 amatorium).

875 3080 1139 3164 Epicam
1191 3085 1336 3144 ante
1386 3085 1629 3145 ceteras
1671 3081 2015 3145 dialectum
2044 3078 2376 3162 usurpavit
2406 3076 2775 3142 Theocritus

663 3197 728 3261 in
786 3197 1170 3262 carminibus
1233 3194 1415 3277 XIII,
1476 3195 1653 3276 XVI,
1714 3194 1926 3277 XVII,
1972 3194 2181 3276 XXII,
2229 3187 2765 3258 XXIV--XXVL

665 3312 821 3378 Haec
891 3313 1191 3392 carmina,
1263 3335 1403 3396 quae
1466 3337 1503 3376 a
1547 3316 1739 3396 poeta
1787 3312 2187 3377 adolescente
2236 3310 2589 3404 conscripta
2634 3326 2770 3369 esse

662 3429 976 3508 videntur,
1039 3429 1275 3513 partim
1340 3428 1590 3493 fabulas
1637 3423 1740 3492 vel
1785 3450 1887 3492 res
1934 3430 2148 3513 gestas
2193 3426 2456 3491 heroum
2499 3424 2778 3488 tractant

663 3542 868 3626 (XIII,
937 3542 1176 3625 XXIV,
1245 3537 1476 3626 XXV),
1524 3544 1761 3627 partim
1807 3564 1978 3607 more
2046 3542 2424 3627 hymnorum
2490 3543 2778 3606 veterum

662 3661 880 3726 laudes
902 3662 1029 3725 =vel
1089 3661 1349 3725 deorum
1409 3663 1600 3744 atque
1645 3659 1910 3724 heroum
1954 3657 2188 3742 (XXII,
2236 3655 2484 3740 XXVI)
2530 3656 2632 3721 vel
2676 3676 2782 3719 re-

662 3799 817 3863 gum
863 3773 1064 3857 (XVI,
1112 3774 1332 3861 XVII)
1379 3776 1724 3841 continent.
1803 3775 1908 3840 Ad
1949 3775 2212 3841 Homeri
2243 3794 2601 3837 sermonem
2630 3793 2784 3854 pro-

661 3894 830 3957 xime
901 3894 1146 3957 accedit
1213 3894 1297 3958 id.
1367 3892 1572 3974 XXV,
1620 3894 1684 3957 in
1746 3915 1870 3977 quo
1931 3892 2124 3957 etiam
2168 3890 2429 3955 minutis
2475 3889 2542 3953 in
2590 3889 2784 3954 rebus

662 4008 1010 4074 Homerum
1058 4010 1342 4075 imitatus
1390 4013 1486 4074 est
1533 4008 1929 4074 Theocritus,
