3109 4859
1532 382 1919 446 -106—

881 559 1005 626 Sed
1076 561 1154 625 ad
1221 560 1441 644 idyllia
1510 565 1724 624 nostra
1792 563 2092 623 revertor.
2188 557 2260 621 In
2302 558 2534 642 ‘idyllio
2580 556 2697 622 XV
2742 578 2769 617 ν

669 678 1127 762 paragogicum
1173 677 1340 740 tollit
1386 676 1626 740 hiatum
1679 681 1819 759 post
1866 677 2125 740 brevem
2172 676 2480 739 vocalem:

879 788 1059 877 ὔμμιν
1108 790 1347 878 ἔσοῶην
1393 816 1452 858 v.
1501 795 1563 873 4,
1613 791 1820 877 ἄμμιν,
1871 788 2022 877 ἀνὴρ
2068 816 2129 857 v.
2185 793 2286 870 17,
2338 788 2522 875 ἄμμιν
2556 787 2775 873 ἐπιρρεῖ

668 931 727 973 v.
779 911 881 989 59,
930 903 1118 971 πόθεν
1165 904 1601 990 ὧνθρωπος·ν.
1651 911 1765 987 893
1802 987 1823 1000 „
1878 927 1881 930 ·

857 1046 909 1086 -ν
957 1026 1168 1105 efficit,
1215 1029 1287 1089 ut
1334 1027 1542 1091 brevis
1589 1026 1835 1110 syllaba
1877 1029 2022 1090 ante
2056 1025 2410 1110 simplicem
2443 1047 2774 1092 consonam

669 1143 731 1205 in
780 1141 947 1207 thesi
993 1143 1304 1225 positione
1352 1144 1771 1226 producatur:

881 1254 1082 1320 ἀῶθεν
1153 1257 1206 1319 δ’
1271 1282 1331 1323 v.
1394 1261 1539 1324 132.
1633 1258 1929 1343 Plerique
1977 1259 2251 1323 editores
2300 1282 2357 1323 v.
2406 1260 2497 1322 98-
2538 1261 2778 1339 πέρυσιν

668 1376 785 1447 τὸν,
857 1374 1108 1439 Ahrens
1179 1379 1242 1439 et
1308 1374 1651 1440 Morsbach
1719 1379 1955 1457 πέρυτιν
2014 1375 2268 1460 legunt3
2317 1397 2511 1458 quum
2559 1397 2710 1438 vero
2752 1394 2780 1435 ν

667 1491 1126 1576 paragogicum
1196 1515 1233 1555 a
1304 1492 1515 1555 dorico
1586 1492 1760 1556 exitu
1807 1493 1915 1576 qui
1964 1495 2060 1572 est
2107 1513 2160 1554 τι
2206 1491 2459 1556 omnino
2506 1491 2778 1555 alienum

668 1629 803 1670 esse
872 1606 1184 1686 videatur,
1254 1607 1461 1672 facilis
1515 1608 1911 1687 'emendati0,
1996 1630 2137 1691 quae
2222 1610 2317 1672 est
2386 1611 2648 1690 πὲρυτις,
2719 1606 2779 1671 in

666 1726 967 1807 promptu
1013 1727 1126 1787 est.
1221 1723 1318 1787 De
1366 1718 1589 1805 πέρυτι,
1639 1728 1879 1806 περυτις
1925 1724 2155 1788 doricis
2203 1727 2447 1805 πέρυσιν
2495 1723 2777 1788 adverbii

666 1839 882 1904 formis
930 1839 1026 1902 cfr
1073 1839 1245 1904 Curt.
1295 1838 1566 1904 Grundz.
1618 1841 1743 1904 275
1794 1843 1857 1904 et
1905 1839 1977 1905 G.
2025 1840 2249 1924 Meyer
2297 1842 2443 1905 299.

878 1974 907 2017 ν
953 1956 1409 2041 paragogicum
1454 1957 1523 2020 in
1569 1957 1694 2019 fine
1742 1978 1959 2020 versus
2005 1957 2278 2041 legitur:

878 2068 1129 2133 ὄπισθεν
1189 2094 1248 2137 v.
1312 2074 1394 2136 56
1443 2074 1855 2156 (quamquam
1902 2095 2118 2137 versus
2164 2074 2502 2156 insequens
2550 2097 2589 2136 a
2637 2095 2779 2138 con-

666 2210 818 2251 sona
863 2188 1136 2271 incipit),
1186 2186 1420 2249 ἄνωθεν
1467 2212 1526 2253 v.
1577 2190 1655 2253 91
1709 2190 1899 2271 (quod
1942 2189 2180 2273 excipit
2210 2189 2444 2254 vocalis
2475 2189 2543 2252 in
2573 2190 2776 2254 fronte

666 2304 986 2387 sequentis
1033 2327 1251 2369 versus
1297 2306 1568 2388 posita);
1634 2339 1643 2348 ·
2164 2383 2185 2402 ο
2436 2383 2442 2394 ἣ

878 2423 944 2483 at
1012 2422 1242 2485 omisso
1310 2442 1339 2482 ν
1409 2418 1737 2501 Δωριέεσσι
1805 2444 1861 2485 v.
1937 2421 2040 2501 93,
2090 2416 2400 2503 ἀρίστευσε
2449 2445 2506 2485 v.
2556 2421 2780 2486 9819-

666 2538 922 2620 guntur,
970 2557 1354 2620 quamquam
1402 2541 1466 2600 et
1509 2537 1578 2600 in
1626 2537 1799 2601 exitu
1844 2560 2140 2602 versuum
2188 2542 2253 2602 et
2298 2538 2364 2601 in
2405 2559 2605 2622 pausa
2642 2560 2781 2601 ora-

666 2651 857 2717 tionis
904 2653 1114 2736 posita
1159 2656 1326 2717 sunt.

878 2767 1125 2833 Omisso
1171 2789 1199 2830 ν
1246 2769 1457 2834 brevis
1521 2770 1754 2834 vocalis
1800 2771 2008 2835 finalis
2058 2774 2203 2835 ante
2253 2774 2626 2853 sequentem
2673 2792 2780 2834 vo-

667 2876 869 2940 calem
916 2876 1206 2941 eliditur:
1256 2874 1431 2958 ἔλαβ’
1481 2874 1671 2939 ἔνθ-ὠν
1718 2901 1776 2942 v.
1828 2879 1888 2957 8,
1936 2875 2112 2959 ἔλαβ’
2161 2874 2353 2961 ἐχθές
2400 2902 2455 2941 v.
2507 2880 2614 2956 20,
2667 2873 2780 2939 εἶπ’

668 2988 1020 3074 ἁποκλᾴξας
1064 3015 1124 3056 v.
1176 2993 1278 3072 77,
1327 2990 1534 3071 ἔπαθ’,
1584 2988 1705 3055 οὔτ’
1753 3017 1811 3058 v.
1865 2995 2024 3070 138;

879 3128 908 3167 ν
965 3091 1311 3187 omittitur,
1369 3095 1455 3172 'ut
1524 3110 1735 3173 brevis
1782 3112 2036 3172 maneat
2082 3108 2327 3192 syllaba
2374 3109 2583 3174 finalis
2635 3112 2777 3173 ante

666 3227 1036 3308 sequentem
1104 3225 1456 3309 simplicem
1526 3246 1892 3290 consonam:
1967 3223 2196 3308 ἔμβαλε
2257 3228 2363 3286 καὶ
2409 3248 2468 3291 v.
2517 3228 2581 3305 3,
2627 3222 2777 3310 ἦνθε

668 3336 860 3426 φέρων
905 3364 963 3405 v.
1016 3342 1118 3422 17,
1168 3337 1469 3405 ἐπίτασσε.
1564 3334 1968 3422 Συρακοσίαις
2015 3364 2071 3405 v.
2125 3343 2227 3421 90,
2278 3339 2469 3413 ἔξεστι
2517 3340 2676 3403 δοκῶ
2720 3364 2774 3404 v.

669 3459 773 3536 93,
845 3460 1124 3519 πάντεσσι
1190 3458 1408 3526 καλοῖς
1468 3480 1525 3521 v.
1581 3458 1726 3536 111,
1776 3429 2031 3541 στήθεσι
2078 3462 2460 3544 φαινομένοις
2505 3481 2563 3522 v.
2617 3460 2773 3531 135;

665 3574 791 3637 huc
860 3574 1052 3638 etiam
1121 3574 1328 3639 refero
1397 3575 1681 3635 πάντεσσι
1753 3572 1987 3655 βροτοῖς
2053 3598 2129 3639 ν.,
2166 3576 2312 3655 105,
2363 3575 2472 3638 ubi
2519 3575 2772 3639 brevem

666 3690 976 3774 syllabam
1043 3690 1298 3754 finalem
1367 3690 1607 3772 excipit
1673 3689 2048 3754 vocabulum
2119 3714 2157 3755 a
2225 3695 2399 3755 muta
2455 3711 2596 3753 cum
2644 3710 2769 3771 seq.

663 3807 906 3891 liquida
952 3806 1283 3890 incipienS.

877 3944 929 3984 τι
1000 3927 1065 3987 et
1117 3944 1203 3985 ντι
1250 3923 1492 3988 doricas
1538 3922 2014 3988 terminationes
2060 3923 2266 3988 tertiae
2313 3944 2599 4005 personae
2647 3921 2769 3985 sin-

664 4038 904 4125 gularis
975 4043 1039 4102 et
1105 4039 1368 4122 pluralis
1440 4061 1511 4103 ac
1583 4040 1862 4105 doricam
1909 4040 2179 4125 figuram
2230 4036 2419 4100 εἴκατι
2466 4057 2769 4123 nusquam
