<?xml version="1.0" encoding="UTF-8"?>
<!DOCTYPE html PUBLIC "-//W3C//DTD XHTML 1.0 Transitional//EN"
    "http://www.w3.org/TR/xhtml1/DTD/xhtml1-transitional.dtd">
<html xmlns="http://www.w3.org/1999/xhtml" xml:lang="en" lang="en">
 <head>
  <title>
</title>
<meta http-equiv="Content-Type" content="text/html;charset=utf-8" />
  <meta name='ocr-system' content='tesseract 3.04.00' />
  <meta name='ocr-capabilities' content='ocr_page ocr_carea ocr_par ocr_line ocrx_word'/>
</head>
<body>
  <div class='ocr_page' id='page_1' title='image "./studiatheocrite00wintgoog_0128.png"; bbox 0 0 3109 4859; ppageno 0'>
   <div class='ocr_carea' id='block_1_1' title="bbox 1519 385 1911 451">
    <p class='ocr_par' dir='ltr' id='par_1_1' title="bbox 1519 385 1911 451">
     <span class='ocr_line' id='line_1_1' title="bbox 1519 385 1911 451; baseline 0 0"><span class='ocrx_word' id='word_1_1' title='bbox 1519 385 1911 451; x_wconf 71' lang='lat'>-118-</span> 
     </span>
    </p>
   </div>
   <div class='ocr_carea' id='block_1_2' title="bbox 657 560 2788 3902">
    <p class='ocr_par' dir='ltr' id='par_1_2' title="bbox 657 560 2774 766">
     <span class='ocr_line' id='line_1_2' title="bbox 867 560 2774 652; baseline -0.004 -20"><span class='ocrx_word' id='word_1_2' title='bbox 867 568 934 632; x_wconf 88' lang='lat' dir='ltr'><strong>in</strong></span> <span class='ocrx_word' id='word_1_3' title='bbox 981 570 1173 652; x_wconf 74' lang='lat' dir='ltr'><strong>parte</strong></span> <span class='ocrx_word' id='word_1_4' title='bbox 1196 567 1455 632; x_wconf 84' lang='lat' dir='ltr'><strong>alterius</strong></span> <span class='ocrx_word' id='word_1_5' title='bbox 1489 566 1648 630; x_wconf 85' lang='lat' dir='ltr'><strong>arsis</strong></span> <span class='ocrx_word' id='word_1_6' title='bbox 1681 566 1919 631; x_wconf 84' lang='lat' dir='ltr'><strong>altera:</strong></span> <span class='ocrx_word' id='word_1_7' title='bbox 1953 562 2164 629; x_wconf 87' lang='lat' dir='ltr'>XVII.</span> <span class='ocrx_word' id='word_1_8' title='bbox 2202 566 2323 629; x_wconf 87' lang='lat'>107</span> <span class='ocrx_word' id='word_1_9' title='bbox 2362 560 2470 626; x_wconf 78' lang='grc' dir='ltr'>ἅτε</span> <span class='ocrx_word' id='word_1_10' title='bbox 2499 563 2774 637; x_wconf 72' lang='grc' dir='ltr'>πλοῦτος,</span> 
     </span>
     <span class='ocr_line' id='line_1_3' title="bbox 657 660 1554 766; baseline -0.007 -16"><span class='ocrx_word' id='word_1_11' title='bbox 657 683 870 751; x_wconf 88' lang='lat' dir='ltr'>XXII.</span> <span class='ocrx_word' id='word_1_12' title='bbox 922 687 1001 749; x_wconf 88' lang='grc'>10</span> <span class='ocrx_word' id='word_1_13' title='bbox 1049 684 1209 745; x_wconf 84' lang='grc' dir='ltr'>κατὰ</span> <span class='ocrx_word' id='word_1_14' title='bbox 1254 660 1554 766; x_wconf 72' lang='grc' dir='ltr'>πρῦμνανς</span> 
     </span>
    </p>

    <p class='ocr_par' dir='ltr' id='par_1_3' title="bbox 657 796 2779 1349">
     <span class='ocr_line' id='line_1_4' title="bbox 868 796 2775 884; baseline -0.002 -19"><span class='ocrx_word' id='word_1_15' title='bbox 868 803 932 865; x_wconf 93' lang='lat' dir='ltr'><strong>in</strong></span> <span class='ocrx_word' id='word_1_16' title='bbox 981 802 1189 884; x_wconf 90' lang='lat' dir='ltr'><strong>priore</strong></span> <span class='ocrx_word' id='word_1_17' title='bbox 1236 800 1412 863; x_wconf 89' lang='lat' dir='ltr'><strong>tertii</strong></span> <span class='ocrx_word' id='word_1_18' title='bbox 1471 799 1653 883; x_wconf 88' lang='lat' dir='ltr'><strong>pedis</strong></span> <span class='ocrx_word' id='word_1_19' title='bbox 1700 802 1917 882; x_wconf 84' lang='lat' dir='ltr'><strong>parte:</strong></span> <span class='ocrx_word' id='word_1_20' title='bbox 1988 796 2131 862; x_wconf 91' lang='lat' dir='ltr'>XV.</span> <span class='ocrx_word' id='word_1_21' title='bbox 2182 798 2263 861; x_wconf 89' lang='lat'>15</span> <span class='ocrx_word' id='word_1_22' title='bbox 2311 799 2387 858; x_wconf 82' lang='grc' dir='ltr'>τὰ</span> <span class='ocrx_word' id='word_1_23' title='bbox 2435 801 2639 879; x_wconf 82' lang='grc' dir='ltr'>πρόαν,</span> <span class='ocrx_word' id='word_1_24' title='bbox 2690 798 2775 861; x_wconf 92' lang='grc'>88</span> 
     </span>
     <span class='ocr_line' id='line_1_5' title="bbox 659 910 2775 994; baseline -0.002 -14"><span class='ocrx_word' id='word_1_25' title='bbox 659 916 1063 980; x_wconf 77' lang='grc' dir='ltr'>ἐκκναισεῦντι</span> <span class='ocrx_word' id='word_1_26' title='bbox 1130 913 1650 987; x_wconf 84' lang='grc' dir='ltr'>πλατειάσδοισαι,</span> <span class='ocrx_word' id='word_1_27' title='bbox 1725 915 1850 978; x_wconf 89' lang='grc'>105</span> <span class='ocrx_word' id='word_1_28' title='bbox 1899 916 2181 975; x_wconf 79' lang='grc' dir='ltr'>πάντεσσι</span> <span class='ocrx_word' id='word_1_29' title='bbox 2229 914 2484 994; x_wconf 81' lang='grc' dir='ltr'><strong>βροτοῖς,</strong></span> <span class='ocrx_word' id='word_1_30' title='bbox 2531 910 2775 994; x_wconf 88' lang='lat' dir='ltr'>XVIII.</span> 
     </span>
     <span class='ocr_line' id='line_1_6' title="bbox 660 1024 2774 1115; baseline -0.004 -18"><span class='ocrx_word' id='word_1_31' title='bbox 660 1034 742 1097; x_wconf 89' lang='lat'>55</span> <span class='ocrx_word' id='word_1_32' title='bbox 814 1031 881 1094; x_wconf 83' lang='grc' dir='ltr'>δὲ</span> <span class='ocrx_word' id='word_1_33' title='bbox 949 1037 1117 1115; x_wconf 77' lang='grc' dir='ltr'>πρός,</span> <span class='ocrx_word' id='word_1_34' title='bbox 1187 1029 1397 1095; x_wconf 89' lang='lat' dir='ltr'>XVII.</span> <span class='ocrx_word' id='word_1_35' title='bbox 1472 1033 1548 1094; x_wconf 89' lang='lat'>51</span> <span class='ocrx_word' id='word_1_36' title='bbox 1601 1027 1711 1115; x_wconf 76' lang='grc' dir='ltr'>ἥδε</span> <span class='ocrx_word' id='word_1_37' title='bbox 1760 1031 2017 1112; x_wconf 76' lang='grc' dir='ltr'>βροτοῖς,</span> <span class='ocrx_word' id='word_1_38' title='bbox 2067 1031 2148 1093; x_wconf 88' lang='grc'>58</span> <span class='ocrx_word' id='word_1_39' title='bbox 2198 1024 2486 1091; x_wconf 78' lang='grc' dir='ltr'>ἀτίταλλε</span> <span class='ocrx_word' id='word_1_40' title='bbox 2534 1030 2774 1114; x_wconf 65' lang='grc' dir='ltr'>βρέφος,</span> 
     </span>
     <span class='ocr_line' id='line_1_7' title="bbox 660 1144 2779 1230; baseline -0.004 -16"><span class='ocrx_word' id='word_1_41' title='bbox 660 1151 736 1214; x_wconf 94' lang='grc'>81</span> <span class='ocrx_word' id='word_1_42' title='bbox 812 1152 1000 1211; x_wconf 81' lang='grc' dir='ltr'>τόσσα</span> <span class='ocrx_word' id='word_1_43' title='bbox 1071 1149 1314 1230; x_wconf 83' lang='grc' dir='ltr'>βροτῶν,</span> <span class='ocrx_word' id='word_1_44' title='bbox 1384 1144 1596 1211; x_wconf 91' lang='lat' dir='ltr'>XXII.</span> <span class='ocrx_word' id='word_1_45' title='bbox 1667 1147 1751 1209; x_wconf 83' lang='lat'>48</span> <span class='ocrx_word' id='word_1_46' title='bbox 1824 1154 2117 1227; x_wconf 85' lang='grc' dir='ltr'>στερεοῐσι</span> <span class='ocrx_word' id='word_1_47' title='bbox 2164 1146 2499 1229; x_wconf 79' lang='grc' dir='ltr'>βραχίοσιν,</span> <span class='ocrx_word' id='word_1_48' title='bbox 2554 1147 2675 1210; x_wconf 89' lang='grc'>188</span> <span class='ocrx_word' id='word_1_49' title='bbox 2726 1166 2779 1206; x_wconf 82' lang='grc' dir='ltr'>τι</span> 
     </span>
     <span class='ocr_line' id='line_1_8' title="bbox 657 1269 1111 1349; baseline -0.011 0"><span class='ocrx_word' id='word_1_50' title='bbox 657 1269 880 1349; x_wconf 49' lang='grc' dir='ltr'>χροός</span> <span class='ocrx_word' id='word_1_51' title='bbox 1107 1294 1111 1297; x_wconf 59' lang='grc'>’</span> 
     </span>
    </p>

    <p class='ocr_par' dir='ltr' id='par_1_4' title="bbox 658 1375 2777 1581">
     <span class='ocr_line' id='line_1_9' title="bbox 869 1375 2777 1470; baseline -0.001 -25"><span class='ocrx_word' id='word_1_52' title='bbox 869 1382 935 1445; x_wconf 91' lang='lat' dir='ltr'><strong>in</strong></span> <span class='ocrx_word' id='word_1_53' title='bbox 983 1381 1158 1445; x_wconf 87' lang='lat' dir='ltr'><strong>tertii</strong></span> <span class='ocrx_word' id='word_1_54' title='bbox 1217 1380 1397 1464; x_wconf 85' lang='lat' dir='ltr'><strong>pedis</strong></span> <span class='ocrx_word' id='word_1_55' title='bbox 1444 1383 1628 1463; x_wconf 73' lang='lat' dir='ltr'><strong>parte</strong></span> <span class='ocrx_word' id='word_1_56' title='bbox 1677 1379 1912 1443; x_wconf 85' lang='lat' dir='ltr'><strong>altera:</strong></span> <span class='ocrx_word' id='word_1_57' title='bbox 1962 1375 2169 1441; x_wconf 92' lang='lat' dir='ltr'>XXII.</span> <span class='ocrx_word' id='word_1_58' title='bbox 2221 1380 2302 1441; x_wconf 81' lang='lat'>22</span> <span class='ocrx_word' id='word_1_59' title='bbox 2352 1379 2426 1438; x_wconf 79' lang='grc' dir='ltr'>τὰ</span> <span class='ocrx_word' id='word_1_60' title='bbox 2472 1381 2641 1470; x_wconf 81' lang='grc' dir='ltr'>πρός,</span> <span class='ocrx_word' id='word_1_61' title='bbox 2692 1380 2777 1443; x_wconf 82' lang='grc'>30</span> 
     </span>
     <span class='ocr_line' id='line_1_10' title="bbox 658 1497 1201 1581; baseline -0.002 -22"><span class='ocrx_word' id='word_1_62' title='bbox 658 1499 817 1560; x_wconf 84' lang='grc' dir='ltr'>κατὰ</span> <span class='ocrx_word' id='word_1_63' title='bbox 864 1497 1201 1581; x_wconf 85' lang='grc' dir='ltr'>κλίμακος;</span> 
     </span>
    </p>

    <p class='ocr_par' dir='ltr' id='par_1_5' title="bbox 870 1606 2703 1697">
     <span class='ocr_line' id='line_1_11' title="bbox 870 1606 2703 1697; baseline -0.005 -19"><span class='ocrx_word' id='word_1_64' title='bbox 870 1615 937 1678; x_wconf 92' lang='lat' dir='ltr'><strong>in</strong></span> <span class='ocrx_word' id='word_1_65' title='bbox 983 1617 1166 1697; x_wconf 83' lang='lat' dir='ltr'><strong>parte</strong></span> <span class='ocrx_word' id='word_1_66' title='bbox 1216 1613 1373 1675; x_wconf 86' lang='lat' dir='ltr'><strong>arsis</strong></span> <span class='ocrx_word' id='word_1_67' title='bbox 1419 1614 1664 1695; x_wconf 85' lang='lat' dir='ltr'><strong>quartae</strong></span> <span class='ocrx_word' id='word_1_68' title='bbox 1712 1611 1960 1695; x_wconf 90' lang='lat' dir='ltr'><strong>priore:</strong></span> <span class='ocrx_word' id='word_1_69' title='bbox 2010 1610 2151 1674; x_wconf 90' lang='lat' dir='ltr'>XV.</span> <span class='ocrx_word' id='word_1_70' title='bbox 2204 1612 2286 1675; x_wconf 85' lang='lat'>55</span> <span class='ocrx_word' id='word_1_71' title='bbox 2335 1612 2398 1671; x_wconf 85' lang='grc' dir='ltr'>τὸ</span> <span class='ocrx_word' id='word_1_72' title='bbox 2448 1606 2703 1695; x_wconf 55' lang='grc' dir='ltr'>βρέφος</span> 
     </span>
    </p>

    <p class='ocr_par' dir='ltr' id='par_1_6' title="bbox 661 1725 2783 2043">
     <span class='ocr_line' id='line_1_12' title="bbox 870 1725 2783 1812; baseline -0.003 -19"><span class='ocrx_word' id='word_1_73' title='bbox 870 1731 934 1793; x_wconf 91' lang='lat' dir='ltr'><strong>in</strong></span> <span class='ocrx_word' id='word_1_74' title='bbox 987 1729 1189 1793; x_wconf 86' lang='lat' dir='ltr'><strong>altera</strong></span> <span class='ocrx_word' id='word_1_75' title='bbox 1236 1733 1480 1812; x_wconf 81' lang='lat' dir='ltr'><strong>quartae</strong></span> <span class='ocrx_word' id='word_1_76' title='bbox 1529 1727 1690 1791; x_wconf 86' lang='lat' dir='ltr'><strong>arsis</strong></span> <span class='ocrx_word' id='word_1_77' title='bbox 1736 1731 1955 1811; x_wconf 84' lang='lat' dir='ltr'><strong>parte:</strong></span> <span class='ocrx_word' id='word_1_78' title='bbox 2004 1725 2147 1792; x_wconf 92' lang='lat' dir='ltr'>XV.</span> <span class='ocrx_word' id='word_1_79' title='bbox 2199 1729 2279 1792; x_wconf 84' lang='lat'>78</span> <span class='ocrx_word' id='word_1_80' title='bbox 2331 1726 2575 1788; x_wconf 77' lang='grc' dir='ltr'>ποικίλα</span> <span class='ocrx_word' id='word_1_81' title='bbox 2622 1737 2783 1808; x_wconf 82' lang='grc' dir='ltr'>πρᾶ-</span> 
     </span>
     <span class='ocr_line' id='line_1_13' title="bbox 661 1838 2779 1928; baseline 0 -22"><span class='ocrx_word' id='word_1_82' title='bbox 661 1868 776 1918; x_wconf 87' lang='grc' dir='ltr'>τον,</span> <span class='ocrx_word' id='word_1_83' title='bbox 849 1848 926 1910; x_wconf 90' lang='grc'>81</span> <span class='ocrx_word' id='word_1_84' title='bbox 982 1841 1272 1926; x_wconf 82' lang='grc' dir='ltr'>τάκριβὲα</span> <span class='ocrx_word' id='word_1_85' title='bbox 1318 1842 1645 1928; x_wconf 79' lang='grc' dir='ltr'>γράμματ’,</span> <span class='ocrx_word' id='word_1_86' title='bbox 1689 1840 1933 1908; x_wconf 89' lang='lat' dir='ltr'>XVIII.</span> <span class='ocrx_word' id='word_1_87' title='bbox 1982 1844 2023 1906; x_wconf 85' lang='lat'>4</span> <span class='ocrx_word' id='word_1_88' title='bbox 2072 1838 2229 1926; x_wconf 82' lang='grc' dir='ltr'>μέγα</span> <span class='ocrx_word' id='word_1_89' title='bbox 2273 1851 2509 1927; x_wconf 80' lang='grc' dir='ltr'>χρῆμα,</span> <span class='ocrx_word' id='word_1_90' title='bbox 2566 1840 2779 1909; x_wconf 88' lang='lat' dir='ltr'>XXII.</span> 
     </span>
     <span class='ocr_line' id='line_1_14' title="bbox 663 1956 2167 2043; baseline -0.003 -17"><span class='ocrx_word' id='word_1_91' title='bbox 663 1964 745 2027; x_wconf 80' lang='lat'>26</span> <span class='ocrx_word' id='word_1_92' title='bbox 794 1958 1188 2022; x_wconf 73' lang='grc' dir='ltr'>Πολυδεὺκεα</span> <span class='ocrx_word' id='word_1_93' title='bbox 1235 1970 1484 2043; x_wconf 84' lang='grc' dir='ltr'>πρῶτον,</span> <span class='ocrx_word' id='word_1_94' title='bbox 1537 1961 1663 2024; x_wconf 87' lang='lat'>165</span> <span class='ocrx_word' id='word_1_95' title='bbox 1714 1956 1933 2021; x_wconf 79' lang='grc' dir='ltr'>ἐάσατε</span> <span class='ocrx_word' id='word_1_96' title='bbox 1981 1962 2167 2040; x_wconf 85' lang='grc' dir='ltr'>πρός;</span> 
     </span>
    </p>

    <p class='ocr_par' dir='ltr' id='par_1_7' title="bbox 660 2070 2781 2740">
     <span class='ocr_line' id='line_1_15' title="bbox 871 2070 2777 2161; baseline -0.001 -21"><span class='ocrx_word' id='word_1_97' title='bbox 871 2078 939 2140; x_wconf 92' lang='lat' dir='ltr'><strong>in</strong></span> <span class='ocrx_word' id='word_1_98' title='bbox 984 2078 1192 2161; x_wconf 90' lang='lat' dir='ltr'><strong>priore</strong></span> <span class='ocrx_word' id='word_1_99' title='bbox 1239 2080 1422 2160; x_wconf 85' lang='lat' dir='ltr'><strong>parte</strong></span> <span class='ocrx_word' id='word_1_100' title='bbox 1471 2077 1630 2139; x_wconf 87' lang='lat' dir='ltr'><strong>arsis</strong></span> <span class='ocrx_word' id='word_1_101' title='bbox 1677 2075 1945 2159; x_wconf 86' lang='lat' dir='ltr'><strong>quintae:</strong></span> <span class='ocrx_word' id='word_1_102' title='bbox 1993 2074 2136 2140; x_wconf 89' lang='lat' dir='ltr'>XV.</span> <span class='ocrx_word' id='word_1_103' title='bbox 2193 2076 2270 2138; x_wconf 86' lang='lat'>15</span> <span class='ocrx_word' id='word_1_104' title='bbox 2321 2073 2387 2135; x_wconf 85' lang='grc' dir='ltr'>δὲ</span> <span class='ocrx_word' id='word_1_105' title='bbox 2433 2070 2640 2156; x_wconf 85' lang='grc' dir='ltr'>πρὸαν,</span> <span class='ocrx_word' id='word_1_106' title='bbox 2695 2076 2777 2139; x_wconf 87' lang='grc'>67</span> 
     </span>
     <span class='ocr_line' id='line_1_16' title="bbox 660 2186 2778 2277; baseline -0.001 -24"><span class='ocrx_word' id='word_1_107' title='bbox 660 2214 714 2255; x_wconf 85' lang='grc' dir='ltr'>τι</span> <span class='ocrx_word' id='word_1_108' title='bbox 761 2192 1104 2276; x_wconf 81' lang='grc' dir='ltr'>πλαναθῇς,</span> <span class='ocrx_word' id='word_1_109' title='bbox 1153 2190 1396 2257; x_wconf 91' lang='lat' dir='ltr'>XVIII.</span> <span class='ocrx_word' id='word_1_110' title='bbox 1440 2194 1522 2256; x_wconf 83' lang='lat'>26</span> <span class='ocrx_word' id='word_1_111' title='bbox 1558 2190 1800 2277; x_wconf 74' lang='grc' dir='ltr'>διέφανε</span> <span class='ocrx_word' id='word_1_112' title='bbox 1831 2194 2163 2273; x_wconf 87' lang='grc' dir='ltr'>πρόσωπον,</span> <span class='ocrx_word' id='word_1_113' title='bbox 2200 2192 2282 2255; x_wconf 85' lang='grc'>35</span> <span class='ocrx_word' id='word_1_114' title='bbox 2316 2186 2432 2251; x_wconf 83' lang='grc' dir='ltr'>ὧδε</span> <span class='ocrx_word' id='word_1_115' title='bbox 2465 2199 2778 2275; x_wconf 76' lang='grc' dir='ltr'>κροτῆσαι,</span> 
     </span>
     <span class='ocr_line' id='line_1_17' title="bbox 661 2301 2781 2392; baseline -0.002 -20"><span class='ocrx_word' id='word_1_116' title='bbox 661 2311 744 2372; x_wconf 83' lang='grc'>40</span> <span class='ocrx_word' id='word_1_117' title='bbox 816 2305 928 2370; x_wconf 80' lang='grc' dir='ltr'>ἁδὺ</span> <span class='ocrx_word' id='word_1_118' title='bbox 996 2305 1300 2377; x_wconf 79' lang='grc' dir='ltr'>πνέοντας,</span> <span class='ocrx_word' id='word_1_119' title='bbox 1374 2310 1455 2371; x_wconf 87' lang='grc'>54</span> <span class='ocrx_word' id='word_1_120' title='bbox 1527 2307 1821 2392; x_wconf 76' lang='grc' dir='ltr'>φιλότητα</span> <span class='ocrx_word' id='word_1_121' title='bbox 1889 2301 2183 2386; x_wconf 78' lang='grc' dir='ltr'>πνέοντες,</span> <span class='ocrx_word' id='word_1_122' title='bbox 2253 2303 2459 2370; x_wconf 88' lang='lat' dir='ltr'>XXII.</span> <span class='ocrx_word' id='word_1_123' title='bbox 2512 2306 2587 2369; x_wconf 89' lang='lat'>71</span> <span class='ocrx_word' id='word_1_124' title='bbox 2643 2303 2781 2368; x_wconf 80' lang='grc' dir='ltr'>αἴκε</span> 
     </span>
     <span class='ocr_line' id='line_1_18' title="bbox 660 2416 2774 2510; baseline 0 -24"><span class='ocrx_word' id='word_1_125' title='bbox 660 2428 963 2510; x_wconf 82' lang='grc' dir='ltr'>κρατήσω,</span> <span class='ocrx_word' id='word_1_126' title='bbox 1014 2427 1096 2489; x_wconf 82' lang='grc'>82</span> <span class='ocrx_word' id='word_1_127' title='bbox 1146 2420 1470 2508; x_wconf 79' lang='grc' dir='ltr'>ἀλλήλοισι</span> <span class='ocrx_word' id='word_1_128' title='bbox 1501 2418 1796 2495; x_wconf 82' lang='grc' dir='ltr'>πνέοντες,</span> <span class='ocrx_word' id='word_1_129' title='bbox 1832 2423 1915 2486; x_wconf 91' lang='grc'>86</span> <span class='ocrx_word' id='word_1_130' title='bbox 1951 2418 2248 2504; x_wconf 75' lang='grc' dir='ltr'>Ἀμὺκοιο</span> <span class='ocrx_word' id='word_1_131' title='bbox 2279 2416 2613 2503; x_wconf 81' lang='grc' dir='ltr'>πρόσωπον,</span> <span class='ocrx_word' id='word_1_132' title='bbox 2652 2424 2774 2486; x_wconf 91' lang='grc'>101</span> 
     </span>
     <span class='ocr_line' id='line_1_19' title="bbox 663 2536 2780 2623; baseline 0 -23"><span class='ocrx_word' id='word_1_133' title='bbox 663 2536 1055 2601; x_wconf 80' lang='grc' dir='ltr'>ἁπεστείνωτο</span> <span class='ocrx_word' id='word_1_134' title='bbox 1124 2541 1463 2621; x_wconf 76' lang='grc' dir='ltr'>προσώπου,</span> <span class='ocrx_word' id='word_1_135' title='bbox 1539 2538 1663 2602; x_wconf 83' lang='grc'>102</span> <span class='ocrx_word' id='word_1_136' title='bbox 1711 2539 1891 2622; x_wconf 85' lang='grc' dir='ltr'>χερσὶ</span> <span class='ocrx_word' id='word_1_137' title='bbox 1937 2537 2306 2619; x_wconf 72' lang='grc' dir='ltr'>προδεικνὺς,</span> <span class='ocrx_word' id='word_1_138' title='bbox 2361 2539 2485 2602; x_wconf 84' lang='grc'>127</span> <span class='ocrx_word' id='word_1_139' title='bbox 2537 2536 2780 2623; x_wconf 81' lang='grc' dir='ltr'>δηλεῖτο</span> 
     </span>
     <span class='ocr_line' id='line_1_20' title="bbox 660 2650 1945 2740; baseline -0.002 -23"><span class='ocrx_word' id='word_1_140' title='bbox 660 2660 993 2738; x_wconf 87' lang='grc' dir='ltr'>πρόσωπον,</span> <span class='ocrx_word' id='word_1_141' title='bbox 1047 2656 1170 2719; x_wconf 88' lang='grc'>159</span> <span class='ocrx_word' id='word_1_142' title='bbox 1220 2657 1558 2740; x_wconf 72' lang='grc' dir='ltr'>σφετέροισι</span> <span class='ocrx_word' id='word_1_143' title='bbox 1605 2650 1945 2740; x_wconf 75' lang='grc' dir='ltr'>τρέφονται;</span> 
     </span>
    </p>

    <p class='ocr_par' dir='ltr' id='par_1_8' title="bbox 660 2765 2782 3203">
     <span class='ocr_line' id='line_1_21' title="bbox 873 2765 2782 2855; baseline -0.003 -20"><span class='ocrx_word' id='word_1_144' title='bbox 873 2772 940 2836; x_wconf 91' lang='lat' dir='ltr'><strong>in</strong></span> <span class='ocrx_word' id='word_1_145' title='bbox 987 2771 1226 2855; x_wconf 84' lang='lat' dir='ltr'><strong>quintae</strong></span> <span class='ocrx_word' id='word_1_146' title='bbox 1261 2772 1419 2834; x_wconf 82' lang='lat' dir='ltr'><strong>arsis</strong></span> <span class='ocrx_word' id='word_1_147' title='bbox 1451 2773 1634 2854; x_wconf 81' lang='lat' dir='ltr'><strong>parte</strong></span> <span class='ocrx_word' id='word_1_148' title='bbox 1671 2770 1901 2835; x_wconf 83' lang='lat' dir='ltr'><strong>altera:</strong></span> <span class='ocrx_word' id='word_1_149' title='bbox 1950 2768 2095 2835; x_wconf 89' lang='lat' dir='ltr'>XV.</span> <span class='ocrx_word' id='word_1_150' title='bbox 2132 2770 2255 2834; x_wconf 89' lang='grc'>106</span> <span class='ocrx_word' id='word_1_151' title='bbox 2292 2765 2409 2830; x_wconf 82' lang='grc' dir='ltr'>ἀπὸ</span> <span class='ocrx_word' id='word_1_152' title='bbox 2442 2770 2676 2839; x_wconf 76' lang='grc' dir='ltr'>θνατᾶς</span> <span class='ocrx_word' id='word_1_153' title='bbox 2708 2770 2782 2853; x_wconf 85' lang='lat'>¹),</span> 
     </span>
     <span class='ocr_line' id='line_1_22' title="bbox 660 2883 2782 2970; baseline -0.001 -18"><span class='ocrx_word' id='word_1_154' title='bbox 660 2886 900 2952; x_wconf 93' lang='lat' dir='ltr'>XVIII.</span> <span class='ocrx_word' id='word_1_155' title='bbox 962 2890 1040 2952; x_wconf 90' lang='lat'>19</span> <span class='ocrx_word' id='word_1_156' title='bbox 1101 2883 1266 2948; x_wconf 75' lang='grc' dir='ltr'>ἵκετο</span> <span class='ocrx_word' id='word_1_157' title='bbox 1311 2887 1592 2970; x_wconf 82' lang='grc' dir='ltr'>χλαῖναν,</span> <span class='ocrx_word' id='word_1_158' title='bbox 1639 2885 1849 2951; x_wconf 91' lang='lat' dir='ltr'>XVII.</span> <span class='ocrx_word' id='word_1_159' title='bbox 1899 2887 1981 2950; x_wconf 95' lang='grc'>80</span> <span class='ocrx_word' id='word_1_160' title='bbox 2031 2885 2284 2966; x_wconf 82' lang='grc' dir='ltr'>βώλακα</span> <span class='ocrx_word' id='word_1_161' title='bbox 2330 2886 2600 2967; x_wconf 76' lang='grc' dir='ltr'>θρὺπτει,</span> <span class='ocrx_word' id='word_1_162' title='bbox 2654 2888 2782 2951; x_wconf 85' lang='grc'>106</span> 
     </span>
     <span class='ocr_line' id='line_1_23' title="bbox 662 2996 2781 3087; baseline 0 -22"><span class='ocrx_word' id='word_1_163' title='bbox 662 3006 817 3065; x_wconf 79' lang='grc' dir='ltr'>πίονι</span> <span class='ocrx_word' id='word_1_164' title='bbox 885 3007 1132 3087; x_wconf 81' lang='grc' dir='ltr'>χρυσός,</span> <span class='ocrx_word' id='word_1_165' title='bbox 1204 3001 1412 3067; x_wconf 91' lang='lat' dir='ltr'>XXII.</span> <span class='ocrx_word' id='word_1_166' title='bbox 1462 3005 1541 3068; x_wconf 88' lang='grc'>87</span> <span class='ocrx_word' id='word_1_167' title='bbox 1590 2998 1715 3064; x_wconf 76' lang='grc' dir='ltr'>ἵετο</span> <span class='ocrx_word' id='word_1_168' title='bbox 1764 3006 2022 3084; x_wconf 83' lang='grc' dir='ltr'>πρόσσω,</span> <span class='ocrx_word' id='word_1_169' title='bbox 2076 3003 2199 3065; x_wconf 87' lang='grc'>105</span> <span class='ocrx_word' id='word_1_170' title='bbox 2248 2996 2281 3062; x_wconf 80' lang='grc' dir='ltr'>ὁ</span> <span class='ocrx_word' id='word_1_171' title='bbox 2328 3001 2600 3087; x_wconf 85' lang='grc' dir='ltr'>πληγείς,</span> <span class='ocrx_word' id='word_1_172' title='bbox 2653 3004 2781 3066; x_wconf 92' lang='grc'>110</span> 
     </span>
     <span class='ocr_line' id='line_1_24' title="bbox 664 3115 1975 3203; baseline -0.002 -23"><span class='ocrx_word' id='word_1_173' title='bbox 664 3115 895 3180; x_wconf 81' lang='grc' dir='ltr'>ἀεικέσι</span> <span class='ocrx_word' id='word_1_174' title='bbox 941 3119 1225 3203; x_wconf 78' lang='grc' dir='ltr'>πληγαῖς,</span> <span class='ocrx_word' id='word_1_175' title='bbox 1277 3119 1402 3183; x_wconf 84' lang='grc'>184</span> <span class='ocrx_word' id='word_1_176' title='bbox 1452 3116 1676 3197; x_wconf 78' lang='grc' dir='ltr'>ἄντυγα</span> <span class='ocrx_word' id='word_1_177' title='bbox 1721 3119 1975 3201; x_wconf 84' lang='grc' dir='ltr'>πρώτην.</span> 
     </span>
    </p>

    <p class='ocr_par' dir='ltr' id='par_1_9' title="bbox 661 3229 2788 3902">
     <span class='ocr_line' id='line_1_25' title="bbox 798 3229 2784 3313; baseline -0.001 -15"><span class='ocrx_word' id='word_1_178' title='bbox 798 3308 803 3313; x_wconf 36' lang='grc'>,</span> <span class='ocrx_word' id='word_1_179' title='bbox 876 3233 1012 3310; x_wconf 83' lang='lat' dir='ltr'>Qua</span> <span class='ocrx_word' id='word_1_180' title='bbox 1079 3236 1326 3300; x_wconf 87' lang='lat' dir='ltr'><strong>ratione</strong></span> <span class='ocrx_word' id='word_1_181' title='bbox 1396 3236 1462 3299; x_wconf 91' lang='lat' dir='ltr'><strong>in</strong></span> <span class='ocrx_word' id='word_1_182' title='bbox 1509 3236 1801 3300; x_wconf 87' lang='lat' dir='ltr'><strong>omnibus</strong></span> <span class='ocrx_word' id='word_1_183' title='bbox 1849 3229 2169 3298; x_wconf 75' lang='lat' dir='ltr'>Theocriti</span> <span class='ocrx_word' id='word_1_184' title='bbox 2218 3235 2603 3300; x_wconf 83' lang='lat' dir='ltr'><strong>carminibus</strong></span> <span class='ocrx_word' id='word_1_185' title='bbox 2652 3235 2784 3298; x_wconf 86' lang='lat' dir='ltr'><strong>dis-</strong></span> 
     </span>
     <span class='ocr_line' id='line_1_26' title="bbox 661 3350 2784 3434; baseline -0.001 -17"><span class='ocrx_word' id='word_1_186' title='bbox 661 3353 917 3417; x_wconf 84' lang='lat' dir='ltr'><strong>tributae</strong></span> <span class='ocrx_word' id='word_1_187' title='bbox 987 3352 1116 3415; x_wconf 90' lang='lat' dir='ltr'><strong>sint</strong></span> <span class='ocrx_word' id='word_1_188' title='bbox 1171 3351 1535 3434; x_wconf 85' lang='lat' dir='ltr'><strong>hujusmodi</strong></span> <span class='ocrx_word' id='word_1_189' title='bbox 1608 3350 2056 3433; x_wconf 81' lang='lat' dir='ltr'><strong>correptioneS‚</strong></span> <span class='ocrx_word' id='word_1_190' title='bbox 2132 3373 2210 3414; x_wconf 85' lang='lat' dir='ltr'>ex</span> <span class='ocrx_word' id='word_1_191' title='bbox 2276 3352 2498 3430; x_wconf 74' lang='lat' dir='ltr'><strong>tabula</strong></span> <span class='ocrx_word' id='word_1_192' title='bbox 2545 3350 2784 3415; x_wconf 89' lang='lat' dir='ltr'><strong>Kunsti</strong></span> 
     </span>
     <span class='ocr_line' id='line_1_27' title="bbox 662 3466 2788 3553; baseline -0 -20"><span class='ocrx_word' id='word_1_193' title='bbox 662 3492 725 3553; x_wconf 88' lang='lat' dir='ltr'>p.</span> <span class='ocrx_word' id='word_1_194' title='bbox 800 3470 880 3533; x_wconf 84' lang='lat'>74</span> <span class='ocrx_word' id='word_1_195' title='bbox 953 3469 1270 3551; x_wconf 84' lang='lat' dir='ltr'><strong>descripta</strong></span> <span class='ocrx_word' id='word_1_196' title='bbox 1341 3470 1627 3551; x_wconf 79' lang='lat' dir='ltr'><strong>apparet.</strong></span> <span class='ocrx_word' id='word_1_197' title='bbox 1721 3466 1962 3541; x_wconf 81' lang='lat' dir='ltr'><strong>Quibus</strong></span> <span class='ocrx_word' id='word_1_198' title='bbox 2009 3467 2075 3530; x_wconf 87' lang='lat' dir='ltr'><strong>in</strong></span> <span class='ocrx_word' id='word_1_199' title='bbox 2123 3468 2624 3551; x_wconf 74' lang='lat' dir='ltr'><strong>correptionibus</strong></span> <span class='ocrx_word' id='word_1_200' title='bbox 2673 3469 2788 3532; x_wconf 89' lang='lat' dir='ltr'>ad-</span> 
     </span>
     <span class='ocr_line' id='line_1_28' title="bbox 662 3563 2782 3668; baseline 0 -19"><span class='ocrx_word' id='word_1_201' title='bbox 662 3585 988 3649; x_wconf 75' lang='lat' dir='ltr'><strong>mittendis</strong></span> <span class='ocrx_word' id='word_1_202' title='bbox 1019 3586 1189 3648; x_wconf 85' lang='lat' dir='ltr'><strong>inter</strong></span> <span class='ocrx_word' id='word_1_203' title='bbox 1223 3584 1573 3648; x_wconf 79' lang='lat' dir='ltr'><strong>Homerum</strong></span> <span class='ocrx_word' id='word_1_204' title='bbox 1606 3586 1670 3646; x_wconf 89' lang='lat' dir='ltr'><strong>et</strong></span> <span class='ocrx_word' id='word_1_205' title='bbox 1700 3563 2109 3647; x_wconf 79' lang='lat' dir='ltr'><strong>Theocritum</strong></span> <span class='ocrx_word' id='word_1_206' title='bbox 2141 3584 2418 3668; x_wconf 89' lang='lat' dir='ltr'><strong>primum</strong></span> <span class='ocrx_word' id='word_1_207' title='bbox 2449 3585 2782 3665; x_wconf 70' lang='lat' dir='ltr'><strong>interesse,</strong></span> 
     </span>
     <span class='ocr_line' id='line_1_29' title="bbox 662 3700 2787 3786; baseline 0.001 -22"><span class='ocrx_word' id='word_1_208' title='bbox 662 3702 828 3786; x_wconf 87' lang='lat' dir='ltr'><strong>quod</strong></span> <span class='ocrx_word' id='word_1_209' title='bbox 898 3700 1276 3765; x_wconf 83' lang='lat' dir='ltr'><strong>Theocritus</strong></span> <span class='ocrx_word' id='word_1_210' title='bbox 1345 3701 1544 3764; x_wconf 90' lang='lat' dir='ltr'><strong>multo</strong></span> <span class='ocrx_word' id='word_1_211' title='bbox 1613 3701 1845 3784; x_wconf 83' lang='lat' dir='ltr'><strong>saepius</strong></span> <span class='ocrx_word' id='word_1_212' title='bbox 1914 3701 2168 3765; x_wconf 89' lang='lat' dir='ltr'><strong>omnino</strong></span> <span class='ocrx_word' id='word_1_213' title='bbox 2224 3722 2331 3764; x_wconf 85' lang='lat' dir='ltr'>eas</span> <span class='ocrx_word' id='word_1_214' title='bbox 2380 3702 2787 3784; x_wconf 86' lang='lat' dir='ltr'><strong>usurpaverit</strong></span> 
     </span>
     <span class='ocr_line' id='line_1_30' title="bbox 662 3816 2786 3902; baseline 0 -21"><span class='ocrx_word' id='word_1_215' title='bbox 662 3840 849 3902; x_wconf 83' lang='lat' dir='ltr'><strong>quam</strong></span> <span class='ocrx_word' id='word_1_216' title='bbox 898 3817 1235 3896; x_wconf 85' lang='lat' dir='ltr'><strong>HomeruS,</strong></span> <span class='ocrx_word' id='word_1_217' title='bbox 1282 3821 1418 3881; x_wconf 88' lang='lat' dir='ltr'><strong>tum</strong></span> <span class='ocrx_word' id='word_1_218' title='bbox 1465 3817 1632 3900; x_wconf 87' lang='lat' dir='ltr'><strong>quod</strong></span> <span class='ocrx_word' id='word_1_219' title='bbox 1674 3817 2176 3900; x_wconf 86' lang='lat' dir='ltr'><strong>correptionibus</strong></span> <span class='ocrx_word' id='word_1_220' title='bbox 2219 3817 2319 3897; x_wconf 84' lang='lat' dir='ltr'><strong>„in</strong></span> <span class='ocrx_word' id='word_1_221' title='bbox 2351 3816 2621 3881; x_wconf 89' lang='lat' dir='ltr'><strong>confinio</strong></span> <span class='ocrx_word' id='word_1_222' title='bbox 2652 3818 2786 3882; x_wconf 88' lang='lat' dir='ltr'><strong>sin-</strong></span> 
     </span>
    </p>
   </div>
   <div class='ocr_carea' id='block_1_3' title="bbox 667 3982 1090 3989">
    <p class='ocr_par' dir='ltr' id='par_1_10' title="bbox 667 3982 1090 3989">
     <span class='ocr_line' id='line_1_31' title="bbox 667 3982 1090 3989; baseline 0 870"><span class='ocrx_word' id='word_1_223' title='bbox 667 3982 1090 3989; x_wconf 95' lang='lat' dir='ltr'> </span> 
     </span>
    </p>
   </div>
   <div class='ocr_carea' id='block_1_4' title="bbox 881 4067 1891 4139">
    <p class='ocr_par' dir='ltr' id='par_1_11' title="bbox 881 4067 1891 4139">
     <span class='ocr_line' id='line_1_32' title="bbox 881 4067 1891 4139; baseline -0.001 -17"><span class='ocrx_word' id='word_1_224' title='bbox 881 4068 920 4138; x_wconf 88' lang='lat'>¹)</span> <span class='ocrx_word' id='word_1_225' title='bbox 960 4070 1079 4125; x_wconf 82' lang='lat' dir='ltr'>Hoc</span> <span class='ocrx_word' id='word_1_226' title='bbox 1116 4069 1427 4139; x_wconf 86' lang='lat' dir='ltr'><strong>exemplum</strong></span> <span class='ocrx_word' id='word_1_227' title='bbox 1467 4067 1658 4124; x_wconf 86' lang='lat' dir='ltr'><strong>omisit</strong></span> <span class='ocrx_word' id='word_1_228' title='bbox 1694 4068 1891 4123; x_wconf 85' lang='lat' dir='ltr'><strong>Kunst.</strong></span> 
     </span>
    </p>
   </div>
   <div class='ocr_carea' id='block_1_5' title="bbox 3090 1096 3094 2033">
    <p class='ocr_par' dir='ltr' id='par_1_12' title="bbox 3090 1096 3094 2033">
     <span class='ocr_line' id='line_1_33' title="bbox 3090 1096 3094 2033; baseline 0 0"><span class='ocrx_word' id='word_1_229' title='bbox 3090 1096 3094 2033; x_wconf 95' lang='lat' dir='ltr'> </span> 
     </span>
    </p>
   </div>
  </div>
 </body>
</html>
