3109 4859
1477 351 1523 476 ]
1608 382 1947 447 -18--

719 560 891 626 Curt.
941 561 1117 626 Stud.
1166 559 1278 626 IX.
1330 562 1677 627 363—406
1728 563 1803 627 de
1851 562 1951 626 his
2006 564 2369 628 nominibus
2417 547 2647 629 diserte
2680 564 2822 648 egit.
2903 631 2909 638 ,
2965 551 2970 562 “

718 677 828 742 Cfr
875 677 1126 744 Griech.
1177 678 1388 744 Grani.
1439 680 1542 756 53,
1591 677 1814 764 Vergl.
1865 678 2076 744 Grani.
2127 675 2176 744 I.
2231 682 2334 758 62,
2372 678 2453 749 II.
2501 683 2627 747 354
2659 704 2823 765 seqq.

719 831 802 840 --
851 793 1141 879 Apparet
1186 795 1557 874 nominativi
1604 816 1749 881 -τηρ
1797 797 2025 861 fortem
2072 798 2360 881 praebere
2404 799 2671 863 somnam
2703 798 2828 862 suf-

680 911 848 990 ,fixi‚
898 913 1074 976 cuius
1120 912 1371 976 infirma
1418 913 1624 977 forma
1673 933 1772 993 τερ
1821 916 1936 978 est.
1986 950 2066 958 ——-
2117 913 2190 978 G.
2237 913 2460 999 Meyer
2490 915 2609 980 45:
2669 913 2829 994 „Das

716 1050 756 1115 η
825 1027 911 1090 ist
958 1028 1297 1113 allgemein
1358 1028 1720 1113 griechisch
1761 1030 1894 1100 lund
1943 1028 2155 1114 gleich
2206 1030 2687 1115 europaischem
2734 1033 2819 1095 e.“

718 1144 942 1209 Paullo
986 1145 1154 1209 infra
1199 1168 1263 1229 p.
1311 1145 1426 1209 46:
1499 1144 1754 1224 „Daher
1799 1168 1970 1210 muss
2017 1146 2105 1211 im
2153 1147 2430 1211 elischen
2479 1147 2679 1229 πατάρ
2727 1147 2832 1210 der

720 1257 1443 1326 Damokratesinschrift
1490 1263 1527 1324 6
1579 1259 1618 1323 ἃ
1666 1285 1775 1326 aus
1824 1282 1864 1347 η
1911 1263 2287 1326 entstanden
2333 1263 2533 1327 sein‘.

928 1376 1209 1468 Nomina
1276 1399 1395 1461 per
1454 1399 1592 1447 -ευς
1651 1379 1946 1444 exeuntia
1994 1379 2237 1463 epicam
2287 1378 2626 1444 flexionem
2673 1399 2830 1464 -ηος,

717 1514 813 1579 -ηι
861 1497 979 1559 etc.
1027 1502 1370 1577 usurpant:
1422 1493 1713 1579 βαςιλῆος
1757 1518 1859 1559 vv.
1910 1497 2014 1574 22,
2051 1496 2153 1572 52,
2189 1492 2546 1582 ἀηδονιδῆες
2578 1520 2637 1562 v.
2679 1497 2834 1571 121;

717 1613 828 1675 sed
886 1631 925 1695 η
986 1611 1053 1675 in
1102 1632 1130 1672 ε
1179 1613 1503 1694 correpta:
1578 1611 1707 1676 dor.
1756 1607 2086 1693 Δωριὲεσσι
2130 1633 2186 1677 v.
2240 1614 2322 1676 93
2372 1617 2512 1696 (pro
2559 1635 2661 1697 ep.
2711 1607 2831 1690 iou.

721 1730 930 1805 -εῦσι).

931 1843 1029 1907 De
1100 1843 1316 1906 dorica
1386 1843 1659 1907 flexione
1727 1847 1865 1913 -ἑος
1934 1847 2053 1908 etc.
2125 1844 2221 1907 cfr
2281 1843 2440 1909 Ahr.
2512 1845 2552 1908 l.
2605 1867 2659 1909 c.
2712 1846 2836 1909 236

719 1982 849 2042 seq.
897 1958 1166 2023 Kiihner
1212 1957 1463 2023 Griech.
1514 1958 1727 2023 Gram.
1777 1957 1828 2022 I.
1881 1960 2006 2024 139
2053 1958 2340 2023 Curtium
2372 1962 2841 2048 secutusqdocet

718 2076 948 2159 stirpes
995 2076 1316 2140 nominum
1364 2076 1428 2139 in
1477 2096 1615 2144 -ευς
1663 2076 2084 2142 desinentium
2127 2077 2207 2141 ab
2239 2076 2421 2142 initio
2451 2099 2568 2161 per
2601 2099 2669 2139 ευ
2701 2077 2839 2167 (ef)

640 2205 648 2215 “
718 2193 914 2257 exiise
962 2192 1028 2255 in
1075 2192 1271 2275 epicis
1318 2214 1467 2256 vero
1514 2192 2067 2257 terminationibus
2114 2195 2270 2276 (ηος,
2318 2214 2383 2277 ηι
2425 2194 2575 2276 etc.)
2609 2194 2844 2257 amisso

718 2308 1099 2393 primigenio
1146 2309 1470 2393 digamma
1516 2308 1891 2391 productam
1938 2331 2072 2373 esse
2106 2308 2389 2374 vocalem
2421 2310 2840 2392 praemissam.

719 2424 920 2500 Quam
953 2425 1331 2489 sententiam
1367 2424 1520 2488 olim
1553 2425 1880 2506 amplexus
1914 2428 2009 2492 est
2041 2424 2415 2511 Brugmann
2448 2423 2624 2490 Curt.
2661 2424 2839 2490 Stud.

717 2540 830 2606 IV.
885 2542 1006 2605 168
1055 2563 1185 2625 seq.
1277 2537 1456 2605 Idem
1505 2543 1717 2604 monet
1763 2540 2015 2605 Griech.
2066 2540 2279 2607 Grani.
2330 2542 2411 2604 52
2460 2564 2592 2625 seq.
2645 2542 2841 2607 Wac-

689 2656 1162 2740 'kernagelium
1231 2651 1495 2722 formas‘
1535 2657 1909 2722 nominativi
1978 2657 2142 2742 sing.
2213 2658 2277 2720 in
2347 2678 2484 2727 -ευς
2548 2661 2615 2721 et
2664 2681 2837 2745 cypr.

716 2773 1089 2838 nominativi
1134 2773 1298 2857 plur.
1347 2773 1413 2835 in
1460 2778 1691 2859 -ηΓ-ες
1733 2773 2091 2837 desinentes
2146 2773 2236 2836 ita
2293 2773 2612 2863 explicare
2650 2798 2844 2839 cona-

723 2892 859 2953 tum
929 2911 1085 2968 esse,
1155 2892 1226 2952 ut
1293 2889 1470 2952 illam
1540 2890 1620 2953 ad
1689 2910 1901 2964 -εῳ-ς,
1949 2888 2113 2953 hanc
2162 2890 2241 2953 ad
2289 2895 2531 2976 sgef-sc
2576 2893 2845 2956 reduce-

717 3009 833 3070 ret.
927 3005 1001 3070 G.
1072 3003 1294 3088 Meyer
1363 3006 1467 3081 46,
1540 3006 1689 3085 288,
1761 3007 1889 3070 313
1948 3027 2099 3089 seq„
2151 3007 2277 3070 332
2325 3027 2479 3089 seq.‚
2530 3009 2659 3072 355
2711 3030 2842 3091 seq.

717 3120 1081 3205 hujusmodi
1128 3121 1357 3204 stirpes
1405 3122 1485 3185 ab
1533 3121 1718 3185 initio
1765 3143 1880 3204 per
1927 3140 2035 3204 -ηο
2083 3120 2309 3185 exiisse
2358 3123 2708 3189 contendit.

932 3246 1105 3322 τῆνος
1172 3260 1273 3302 vv.
1345 3238 1403 3316 8,
1479 3238 1580 3301 15.
1677 3237 1773 3300 De
1822 3237 1883 3301 vi
1932 3241 1996 3301 et
2040 3259 2157 3300 usu
2203 3235 2393 3321 hujus
2441 3239 2843 3321 pronominis

718 3356 965 3417 tantum
1011 3354 1078 3416 in
1123 3353 1360 3417 Doride
1391 3352 1680 3436 usurpati
1715 3353 1996 3435 disputat
2028 3352 2188 3417 Ahr.
2222 3354 2264 3418 l.
2301 3375 2352 3419 c.
2390 3354 2746 3419 267—270
2784 3358 2852 3418 et

720 3472 796 3533 de
843 3470 1012 3534 vocis
1060 3469 1307 3554 origine
1349 3476 1578 3553 ‚sc-qvos,
1613 3469 1840 3551 inquit,
1876 3489 1914 3529 α
1946 3468 2414 3553 simplicissimo
2446 3471 2848 3535 demonstra-

717 3586 849 3650 tivo
920 3581 998 3667 (ὁ,
1047 3581 1106 3670 ἡ,
1157 3584 1248 3666 τό)
1321 3585 1539 3648 eadem
1613 3586 1858 3648 ratione
1930 3586 2286 3650 derivatum
2352 3589 2466 3665 est,
2509 3573 2656 3670 ⁸qua
2707 3588 2848 3651 dor.

720 3710 1005 3786 τοσσῆνος
1055 3736 1134 3747 —-
1186 3724 1223 3765 a
1270 3704 1483 3770 τόσσος
1530 3701 1904 3765 formatione
1951 3703 2227 3785 quadam
2273 3700 2693 3786 Syracusanis
2727 3725 2852 3786 po-

718 3818 1052 3898 tissimum,
1124 3820 1195 3881 ut
1262 3817 1533 3896 videtur,
1597 3817 1865 3881 usitata“
1922 3817 2011 3902 (p.
2064 3820 2238 3895 270).
2330 3815 2645 3881 Schrader
2693 3818 2738 3881 1.
2794 3841 2851 3882 c.

721 3936 848 4010 318
895 3955 934 4019 η
982 3935 1265 3998 vocalem
1311 3934 1502 4018 hujus
1549 3934 1839 3998 vocabuli
1887 3934 2301 4018 productione
2334 3933 2735 4016 suppletoria
2770 3956 2854 3998 ex

721 4072 749 4112 ε
797 4053 1009 4113 natam
1063 4071 1196 4113 esse
1245 4053 1467 4133 putat3
1517 4051 1672 4133 quid
1719 4030 1869 4116 vero
1916 4052 2190 4134 ejectum
2237 4050 2339 4126 sit,
2388 4049 2455 4113 in
2495 4048 2709 4112 medio
2745 4072 2852 4113 re-
