<?xml version="1.0" encoding="UTF-8"?>
<!DOCTYPE html PUBLIC "-//W3C//DTD XHTML 1.0 Transitional//EN"
    "http://www.w3.org/TR/xhtml1/DTD/xhtml1-transitional.dtd">
<html xmlns="http://www.w3.org/1999/xhtml" xml:lang="en" lang="en">
 <head>
  <title>
</title>
<meta http-equiv="Content-Type" content="text/html;charset=utf-8" />
  <meta name='ocr-system' content='tesseract 3.04.00' />
  <meta name='ocr-capabilities' content='ocr_page ocr_carea ocr_par ocr_line ocrx_word'/>
</head>
<body>
  <div class='ocr_page' id='page_1' title='image "./studiatheocrite00wintgoog_0140.png"; bbox 0 0 3109 4859; ppageno 0'>
   <div class='ocr_carea' id='block_1_1' title="bbox 1484 375 1875 442">
    <p class='ocr_par' dir='ltr' id='par_1_1' title="bbox 1484 375 1875 442">
     <span class='ocr_line' id='line_1_1' title="bbox 1484 375 1875 442; baseline 0.008 -2"><span class='ocrx_word' id='word_1_1' title='bbox 1484 375 1875 442; x_wconf 82' lang='lat'>-130—</span> 
     </span>
    </p>
   </div>
   <div class='ocr_carea' id='block_1_2' title="bbox 832 553 2825 640">
    <p class='ocr_par' dir='ltr' id='par_1_2' title="bbox 832 553 2825 640">
     <span class='ocr_line' id='line_1_2' title="bbox 832 553 2825 640; baseline 0.004 -21"><span class='ocrx_word' id='word_1_2' title='bbox 832 553 1212 619; x_wconf 74' lang='lat' dir='ltr'><strong>Producitur</strong></span> <span class='ocrx_word' id='word_1_3' title='bbox 1264 556 1475 620; x_wconf 86' lang='lat' dir='ltr'><strong>brevis</strong></span> <span class='ocrx_word' id='word_1_4' title='bbox 1531 555 1776 639; x_wconf 86' lang='lat' dir='ltr'><strong>syllaba</strong></span> <span class='ocrx_word' id='word_1_5' title='bbox 1823 556 2030 619; x_wconf 91' lang='lat' dir='ltr'><strong>finalis</strong></span> <span class='ocrx_word' id='word_1_6' title='bbox 2077 556 2144 619; x_wconf 90' lang='lat' dir='ltr'><strong>in</strong></span> <span class='ocrx_word' id='word_1_7' title='bbox 2190 556 2541 640; x_wconf 82' lang='lat' dir='ltr'><strong>simplicem</strong></span> <span class='ocrx_word' id='word_1_8' title='bbox 2590 578 2740 621; x_wconf 83' lang='lat' dir='ltr'><strong>con·-</strong></span> <span class='ocrx_word' id='word_1_9' title='bbox 2816 622 2825 628; x_wconf 90' lang='lat'>.</span> 
     </span>
    </p>
   </div>
   <div class='ocr_carea' id='block_1_3' title="bbox 620 668 2738 756">
    <p class='ocr_par' dir='ltr' id='par_1_3' title="bbox 620 668 2738 756">
     <span class='ocr_line' id='line_1_3' title="bbox 620 668 2738 756; baseline 0.001 -22"><span class='ocrx_word' id='word_1_10' title='bbox 620 694 838 735; x_wconf 88' lang='lat' dir='ltr'><strong>sonam</strong></span> <span class='ocrx_word' id='word_1_11' title='bbox 887 672 1179 735; x_wconf 87' lang='lat' dir='ltr'><strong>desinens</strong></span> <span class='ocrx_word' id='word_1_12' title='bbox 1226 675 1373 735; x_wconf 89' lang='lat' dir='ltr'><strong>ante</strong></span> <span class='ocrx_word' id='word_1_13' title='bbox 1406 675 1776 756; x_wconf 76' lang='lat' dir='ltr'><strong>sequentem</strong></span> <span class='ocrx_word' id='word_1_14' title='bbox 1809 672 2127 737; x_wconf 83' lang='lat' dir='ltr'><strong>vocalem:</strong></span> <span class='ocrx_word' id='word_1_15' title='bbox 2176 668 2224 732; x_wconf 80' lang='grc' dir='ltr'>ὣ</span> <span class='ocrx_word' id='word_1_16' title='bbox 2259 670 2481 754; x_wconf 76' lang='grc' dir='ltr'>ἔβενος,</span> <span class='ocrx_word' id='word_1_17' title='bbox 2514 669 2562 733; x_wconf 81' lang='grc' dir='ltr'><strong>ὤ</strong></span> <span class='ocrx_word' id='word_1_18' title='bbox 2593 672 2738 738; x_wconf 82' lang='lat' dir='ltr'><strong>XV.</strong></span> 
     </span>
    </p>
   </div>
   <div class='ocr_carea' id='block_1_4' title="bbox 623 785 2747 870">
    <p class='ocr_par' dir='ltr' id='par_1_4' title="bbox 623 785 2747 870">
     <span class='ocr_line' id='line_1_4' title="bbox 623 785 2747 870; baseline 0 -18"><span class='ocrx_word' id='word_1_19' title='bbox 623 790 748 853; x_wconf 83' lang='lat'><strong>123</strong></span> <span class='ocrx_word' id='word_1_20' title='bbox 795 786 990 870; x_wconf 90' lang='lat' dir='ltr'><strong>(thesi</strong></span> <span class='ocrx_word' id='word_1_21' title='bbox 1036 785 1147 869; x_wconf 92' lang='lat' dir='ltr'><strong>II).</strong></span> <span class='ocrx_word' id='word_1_22' title='bbox 1240 787 1455 852; x_wconf 89' lang='lat' dir='ltr'><strong>Rzach</strong></span> <span class='ocrx_word' id='word_1_23' title='bbox 1514 788 1559 851; x_wconf 91' lang='lat' dir='ltr'><strong>l.</strong></span> <span class='ocrx_word' id='word_1_24' title='bbox 1608 810 1661 852; x_wconf 89' lang='lat' dir='ltr'><strong>c.</strong></span> <span class='ocrx_word' id='word_1_25' title='bbox 1712 789 1828 852; x_wconf 83' lang='lat'><strong>81:</strong></span> <span class='ocrx_word' id='word_1_26' title='bbox 1910 787 2079 866; x_wconf 87' lang='lat' dir='ltr'><strong>„Der</strong></span> <span class='ocrx_word' id='word_1_27' title='bbox 2124 788 2375 853; x_wconf 88' lang='lat' dir='ltr'><strong>Ausruf</strong></span> <span class='ocrx_word' id='word_1_28' title='bbox 2411 788 2583 855; x_wconf 87' lang='lat' dir='ltr'><strong>steht</strong></span> <span class='ocrx_word' id='word_1_29' title='bbox 2627 790 2747 854; x_wconf 86' lang='lat' dir='ltr'><strong>auf</strong></span> 
     </span>
    </p>
   </div>
   <div class='ocr_carea' id='block_1_5' title="bbox 608 902 2739 4124">
    <p class='ocr_par' dir='ltr' id='par_1_5' title="bbox 615 902 2739 1686">
     <span class='ocr_line' id='line_1_5' title="bbox 619 902 2735 990; baseline 0.001 -22"><span class='ocrx_word' id='word_1_30' title='bbox 619 903 905 989; x_wconf 85' lang='lat' dir='ltr'><strong>gleicber</strong></span> <span class='ocrx_word' id='word_1_31' title='bbox 951 903 1129 968; x_wconf 87' lang='lat' dir='ltr'><strong>Stufe</strong></span> <span class='ocrx_word' id='word_1_32' title='bbox 1176 905 1293 967; x_wconf 92' lang='lat' dir='ltr'><strong>mit</strong></span> <span class='ocrx_word' id='word_1_33' title='bbox 1340 905 1547 968; x_wconf 90' lang='lat' dir='ltr'><strong>einem</strong></span> <span class='ocrx_word' id='word_1_34' title='bbox 1610 902 1942 968; x_wconf 84' lang='lat' dir='ltr'><strong>Vocativ“.</strong></span> <span class='ocrx_word' id='word_1_35' title='bbox 2035 902 2213 968; x_wconf 89' lang='lat' dir='ltr'><strong>Idem</strong></span> <span class='ocrx_word' id='word_1_36' title='bbox 2271 905 2464 989; x_wconf 88' lang='lat' dir='ltr'><strong>paulo</strong></span> <span class='ocrx_word' id='word_1_37' title='bbox 2510 928 2735 990; x_wconf 84' lang='lat' dir='ltr'><strong>supra:</strong></span> 
     </span>
     <span class='ocr_line' id='line_1_6' title="bbox 628 1019 2735 1100; baseline 0.001 -17"><span class='ocrx_word' id='word_1_38' title='bbox 628 1020 779 1100; x_wconf 84' lang='lat' dir='ltr'><strong>„Bei</strong></span> <span class='ocrx_word' id='word_1_39' title='bbox 846 1020 1164 1085; x_wconf 83' lang='lat' dir='ltr'><strong>vocalisch</strong></span> <span class='ocrx_word' id='word_1_40' title='bbox 1234 1020 1688 1084; x_wconf 86' lang='lat' dir='ltr'><strong>auslautenden</strong></span> <span class='ocrx_word' id='word_1_41' title='bbox 1758 1019 2112 1085; x_wconf 83' lang='lat' dir='ltr'><strong>Vocativen</strong></span> <span class='ocrx_word' id='word_1_42' title='bbox 2176 1022 2349 1085; x_wconf 87' lang='lat' dir='ltr'><strong>kann</strong></span> <span class='ocrx_word' id='word_1_43' title='bbox 2397 1022 2496 1086; x_wconf 91' lang='lat' dir='ltr'><strong>die</strong></span> <span class='ocrx_word' id='word_1_44' title='bbox 2544 1023 2735 1086; x_wconf 87' lang='lat' dir='ltr'><strong>kurze</strong></span> 
     </span>
     <span class='ocr_line' id='line_1_7' title="bbox 618 1135 2738 1221; baseline 0 -21"><span class='ocrx_word' id='word_1_45' title='bbox 618 1136 922 1201; x_wconf 89' lang='lat' dir='ltr'><strong>Endsilbe</strong></span> <span class='ocrx_word' id='word_1_46' title='bbox 990 1137 1058 1199; x_wconf 90' lang='lat' dir='ltr'><strong>in</strong></span> <span class='ocrx_word' id='word_1_47' title='bbox 1126 1135 1322 1221; x_wconf 88' lang='lat' dir='ltr'><strong>Folge</strong></span> <span class='ocrx_word' id='word_1_48' title='bbox 1396 1137 1503 1199; x_wconf 93' lang='lat' dir='ltr'><strong>des</strong></span> <span class='ocrx_word' id='word_1_49' title='bbox 1551 1135 1933 1200; x_wconf 87' lang='lat' dir='ltr'><strong>Einhaltens</strong></span> <span class='ocrx_word' id='word_1_50' title='bbox 1980 1137 2092 1200; x_wconf 91' lang='lat' dir='ltr'><strong>der</strong></span> <span class='ocrx_word' id='word_1_51' title='bbox 2138 1135 2403 1201; x_wconf 86' lang='lat' dir='ltr'><strong>Stimme</strong></span> <span class='ocrx_word' id='word_1_52' title='bbox 2451 1138 2576 1201; x_wconf 92' lang='lat' dir='ltr'><strong>und</strong></span> <span class='ocrx_word' id='word_1_53' title='bbox 2625 1139 2738 1201; x_wconf 87' lang='lat' dir='ltr'><strong>der</strong></span> 
     </span>
     <span class='ocr_line' id='line_1_8' title="bbox 616 1250 2736 1338; baseline 0 -21"><span class='ocrx_word' id='word_1_54' title='bbox 616 1256 1057 1338; x_wconf 70' lang='lat' dir='ltr'><strong>naturgemass</strong></span> <span class='ocrx_word' id='word_1_55' title='bbox 1102 1252 1239 1317; x_wconf 89' lang='lat' dir='ltr'><strong>sich</strong></span> <span class='ocrx_word' id='word_1_56' title='bbox 1286 1253 1694 1337; x_wconf 88' lang='lat' dir='ltr'><strong>ergebenden</strong></span> <span class='ocrx_word' id='word_1_57' title='bbox 1741 1250 1946 1316; x_wconf 87' lang='lat' dir='ltr'><strong>Pause</strong></span> <span class='ocrx_word' id='word_1_58' title='bbox 1993 1254 2058 1315; x_wconf 92' lang='lat' dir='ltr'><strong>in</strong></span> <span class='ocrx_word' id='word_1_59' title='bbox 2108 1254 2491 1317; x_wconf 86' lang='lat' dir='ltr'><strong>der-&#39;Arsis&#39;</strong></span> <span class='ocrx_word' id='word_1_60' title='bbox 2541 1253 2736 1333; x_wconf 84' lang='lat' dir='ltr'><strong>(The-</strong></span> 
     </span>
     <span class='ocr_line' id='line_1_9' title="bbox 617 1368 2739 1454; baseline 0.001 -22"><span class='ocrx_word' id='word_1_61' title='bbox 617 1370 728 1446; x_wconf 89' lang='lat' dir='ltr'><strong>sis)</strong></span> <span class='ocrx_word' id='word_1_62' title='bbox 776 1369 875 1433; x_wconf 91' lang='lat' dir='ltr'><strong>die</strong></span> <span class='ocrx_word' id='word_1_63' title='bbox 923 1368 1119 1433; x_wconf 86' lang='lat' dir='ltr'><strong>Stelle</strong></span> <span class='ocrx_word' id='word_1_64' title='bbox 1154 1368 1343 1432; x_wconf 86' lang='lat' dir='ltr'><strong>einer</strong></span> <span class='ocrx_word' id='word_1_65' title='bbox 1389 1368 1611 1454; x_wconf 68' lang='lat' dir='ltr'><strong>Lange</strong></span> <span class='ocrx_word' id='word_1_66' title='bbox 1657 1372 2012 1447; x_wconf 81' lang='lat' dir='ltr'><strong>vertreten3</strong></span> <span class='ocrx_word' id='word_1_67' title='bbox 2063 1370 2197 1433; x_wconf 89' lang='lat' dir='ltr'><strong>dies</strong></span> <span class='ocrx_word' id='word_1_68' title='bbox 2229 1370 2313 1433; x_wconf 87' lang='lat' dir='ltr'><strong>ist</strong></span> <span class='ocrx_word' id='word_1_69' title='bbox 2344 1393 2451 1433; x_wconf 92' lang='lat' dir='ltr'><strong>um</strong></span> <span class='ocrx_word' id='word_1_70' title='bbox 2483 1393 2551 1434; x_wconf 87' lang='lat' dir='ltr'><strong>so</strong></span> <span class='ocrx_word' id='word_1_71' title='bbox 2583 1370 2739 1435; x_wconf 82' lang='lat' dir='ltr'><strong>eber</strong></span> 
     </span>
     <span class='ocr_line' id='line_1_10' title="bbox 617 1482 2735 1552; baseline 0.001 -3"><span class='ocrx_word' id='word_1_72' title='bbox 617 1486 722 1549; x_wconf 88' lang='lat' dir='ltr'><strong>bei</strong></span> <span class='ocrx_word' id='word_1_73' title='bbox 789 1482 1142 1549; x_wconf 84' lang='lat' dir='ltr'><strong>Vocativen</strong></span> <span class='ocrx_word' id='word_1_74' title='bbox 1209 1485 1327 1548; x_wconf 90' lang='lat' dir='ltr'><strong>mit</strong></span> <span class='ocrx_word' id='word_1_75' title='bbox 1383 1485 1612 1549; x_wconf 84' lang='lat' dir='ltr'><strong>kurzer</strong></span> <span class='ocrx_word' id='word_1_76' title='bbox 1658 1485 2215 1549; x_wconf 86' lang='lat' dir='ltr'><strong>consonantischer</strong></span> <span class='ocrx_word' id='word_1_77' title='bbox 2262 1485 2735 1552; x_wconf 85' lang='lat' dir='ltr'><strong>Auslautssilbe</strong></span> 
     </span>
     <span class='ocr_line' id='line_1_11' title="bbox 615 1600 2472 1686; baseline 0.001 -22"><span class='ocrx_word' id='word_1_78' title='bbox 615 1601 914 1686; x_wconf 69' lang='lat' dir='ltr'><strong>moglich‚</strong></span> <span class='ocrx_word' id='word_1_79' title='bbox 964 1603 1044 1666; x_wconf 88' lang='lat' dir='ltr'><strong>da</strong></span> <span class='ocrx_word' id='word_1_80' title='bbox 1091 1601 1260 1665; x_wconf 86' lang='lat' dir='ltr'><strong>diese</strong></span> <span class='ocrx_word' id='word_1_81' title='bbox 1307 1601 1672 1684; x_wconf 90' lang='lat' dir='ltr'><strong>prosodisch</strong></span> <span class='ocrx_word' id='word_1_82' title='bbox 1722 1606 1915 1666; x_wconf 87' lang='lat' dir='ltr'><strong>etwas</strong></span> <span class='ocrx_word' id='word_1_83' title='bbox 1961 1600 2280 1666; x_wconf 88' lang='lat' dir='ltr'><strong>schwerer</strong></span> <span class='ocrx_word' id='word_1_84' title='bbox 2324 1603 2472 1666; x_wconf 90' lang='lat' dir='ltr'><strong>ist“.</strong></span> 
     </span>
    </p>

    <p class='ocr_par' dir='ltr' id='par_1_6' title="bbox 608 1711 2735 4124">
     <span class='ocr_line' id='line_1_12' title="bbox 622 1711 2735 1804; baseline 0.001 -22"><span class='ocrx_word' id='word_1_85' title='bbox 622 1711 649 1748; x_wconf 80' lang='lat'><em>&#39;</em></span> <span class='ocrx_word' id='word_1_86' title='bbox 829 1718 887 1782; x_wconf 83' lang='lat' dir='ltr'>E</span> <span class='ocrx_word' id='word_1_87' title='bbox 948 1717 1128 1784; x_wconf 88' lang='lat' dir='ltr'><strong>libris</strong></span> <span class='ocrx_word' id='word_1_88' title='bbox 1183 1716 1423 1782; x_wconf 85' lang='lat' dir='ltr'><strong>Rzachi</strong></span> <span class='ocrx_word' id='word_1_89' title='bbox 1470 1740 1663 1801; x_wconf 87' lang='lat' dir='ltr'><strong>supra</strong></span> <span class='ocrx_word' id='word_1_90' title='bbox 1708 1717 1982 1782; x_wconf 87' lang='lat' dir='ltr'><strong>laudatis</strong></span> <span class='ocrx_word' id='word_1_91' title='bbox 2030 1740 2248 1782; x_wconf 89' lang='lat' dir='ltr'><strong>omnes</strong></span> <span class='ocrx_word' id='word_1_92' title='bbox 2296 1718 2526 1804; x_wconf 84' lang='lat' dir='ltr'><strong>collegi</strong></span> <span class='ocrx_word' id='word_1_93' title='bbox 2566 1720 2735 1784; x_wconf 89' lang='lat' dir='ltr'><strong>locos</strong></span> 
     </span>
     <span class='ocr_line' id='line_1_13' title="bbox 614 1832 2733 1916; baseline 0.001 -18"><span class='ocrx_word' id='word_1_94' title='bbox 614 1832 1041 1912; x_wconf 85' lang='lat' dir='ltr'><strong>Theocriteos‚</strong></span> <span class='ocrx_word' id='word_1_95' title='bbox 1090 1834 1199 1898; x_wconf 91' lang='lat' dir='ltr'><strong>ubi</strong></span> <span class='ocrx_word' id='word_1_96' title='bbox 1244 1834 1613 1916; x_wconf 76' lang='lat' dir='ltr'><strong>producitur</strong></span> <span class='ocrx_word' id='word_1_97' title='bbox 1657 1833 1761 1897; x_wconf 83' lang='lat' dir='ltr'><strong>vel</strong></span> <span class='ocrx_word' id='word_1_98' title='bbox 1806 1835 2016 1898; x_wconf 84' lang='lat' dir='ltr'><strong>brevis</strong></span> <span class='ocrx_word' id='word_1_99' title='bbox 2063 1834 2300 1898; x_wconf 85' lang='lat' dir='ltr'><strong>vocalis</strong></span> <span class='ocrx_word' id='word_1_100' title='bbox 2334 1835 2552 1910; x_wconf 81' lang='lat' dir='ltr'><strong>,finalis</strong></span> <span class='ocrx_word' id='word_1_101' title='bbox 2584 1839 2733 1900; x_wconf 86' lang='lat' dir='ltr'><strong>ante</strong></span> 
     </span>
     <span class='ocr_line' id='line_1_14' title="bbox 614 1949 2734 2034; baseline 0 -19"><span class='ocrx_word' id='word_1_102' title='bbox 614 1952 969 2034; x_wconf 84' lang='lat' dir='ltr'><strong>simplicem</strong></span> <span class='ocrx_word' id='word_1_103' title='bbox 1036 1950 1342 2034; x_wconf 85' lang='lat' dir='ltr'><strong>liquidam</strong></span> <span class='ocrx_word' id='word_1_104' title='bbox 1396 1950 1721 2029; x_wconf 27' lang='lat' dir='ltr'><strong>&#39;initialem</strong></span> <span class='ocrx_word' id='word_1_105' title='bbox 1777 1949 2019 2028; x_wconf 89' lang='lat' dir='ltr'><strong>(Rzach</strong></span> <span class='ocrx_word' id='word_1_106' title='bbox 2067 1949 2244 2015; x_wconf 85' lang='lat' dir='ltr'><strong>Stud.</strong></span> <span class='ocrx_word' id='word_1_107' title='bbox 2299 1953 2581 2030; x_wconf 84' lang='lat'>16—18)</span> <span class='ocrx_word' id='word_1_108' title='bbox 2628 1951 2734 2017; x_wconf 86' lang='lat' dir='ltr'><strong>vel</strong></span> 
     </span>
     <span class='ocr_line' id='line_1_15' title="bbox 615 2066 2732 2152; baseline 0 -21"><span class='ocrx_word' id='word_1_109' title='bbox 615 2068 825 2131; x_wconf 83' lang='lat' dir='ltr'><strong>brevis</strong></span> <span class='ocrx_word' id='word_1_110' title='bbox 870 2066 1105 2130; x_wconf 84' lang='lat' dir='ltr'><strong>vocalis</strong></span> <span class='ocrx_word' id='word_1_111' title='bbox 1151 2067 1217 2129; x_wconf 92' lang='lat' dir='ltr'><strong>in</strong></span> <span class='ocrx_word' id='word_1_112' title='bbox 1257 2066 1466 2130; x_wconf 88' lang='lat' dir='ltr'><strong>media</strong></span> <span class='ocrx_word' id='word_1_113' title='bbox 1496 2088 1651 2130; x_wconf 84' lang='lat' dir='ltr'><strong>voce</strong></span> <span class='ocrx_word' id='word_1_114' title='bbox 1683 2067 1892 2149; x_wconf 91' lang='lat' dir='ltr'><strong>posita</strong></span> <span class='ocrx_word' id='word_1_115' title='bbox 1923 2069 2070 2130; x_wconf 88' lang='lat' dir='ltr'><strong>ante</strong></span> <span class='ocrx_word' id='word_1_116' title='bbox 2102 2066 2412 2150; x_wconf 84' lang='lat' dir='ltr'><strong>liquidam</strong></span> <span class='ocrx_word' id='word_1_117' title='bbox 2443 2068 2732 2152; x_wconf 81' lang='lat' dir='ltr'><strong>gemina-</strong></span> 
     </span>
     <span class='ocr_line' id='line_1_16' title="bbox 613 2181 2729 2259; baseline 0.001 -14"><span class='ocrx_word' id='word_1_118' title='bbox 613 2187 746 2246; x_wconf 87' lang='lat' dir='ltr'><strong>tam</strong></span> <span class='ocrx_word' id='word_1_119' title='bbox 794 2181 1031 2259; x_wconf 86' lang='lat' dir='ltr'><strong>(Rzach</strong></span> <span class='ocrx_word' id='word_1_120' title='bbox 1087 2182 1129 2245; x_wconf 89' lang='lat' dir='ltr'><strong>l.</strong></span> <span class='ocrx_word' id='word_1_121' title='bbox 1188 2204 1240 2246; x_wconf 90' lang='lat' dir='ltr'><strong>c.</strong></span> <span class='ocrx_word' id='word_1_122' title='bbox 1304 2184 1592 2259; x_wconf 78' lang='lat'>90-92)</span> <span class='ocrx_word' id='word_1_123' title='bbox 1638 2182 1742 2246; x_wconf 84' lang='lat' dir='ltr'><strong>vel</strong></span> <span class='ocrx_word' id='word_1_124' title='bbox 1792 2183 2000 2247; x_wconf 84' lang='lat' dir='ltr'><strong>brevis</strong></span> <span class='ocrx_word' id='word_1_125' title='bbox 2045 2182 2279 2246; x_wconf 84' lang='lat' dir='ltr'><strong>vocalis</strong></span> <span class='ocrx_word' id='word_1_126' title='bbox 2326 2184 2536 2247; x_wconf 89' lang='lat' dir='ltr'><strong>finalis</strong></span> <span class='ocrx_word' id='word_1_127' title='bbox 2582 2188 2729 2248; x_wconf 87' lang='lat' dir='ltr'><strong>ante</strong></span> 
     </span>
     <span class='ocr_line' id='line_1_17' title="bbox 613 2298 2732 2385; baseline 0 -22"><span class='ocrx_word' id='word_1_128' title='bbox 613 2321 799 2363; x_wconf 87' lang='lat' dir='ltr'><strong>voces</strong></span> <span class='ocrx_word' id='word_1_129' title='bbox 869 2323 905 2363; x_wconf 90' lang='grc'><strong>3</strong></span> <span class='ocrx_word' id='word_1_130' title='bbox 976 2298 1176 2363; x_wconf 87' lang='lat' dir='ltr'><strong>vocali</strong></span> <span class='ocrx_word' id='word_1_131' title='bbox 1223 2299 1600 2382; x_wconf 88' lang='lat' dir='ltr'><strong>incipientes</strong></span> <span class='ocrx_word' id='word_1_132' title='bbox 1646 2299 1796 2362; x_wconf 90' lang='lat' dir='ltr'><strong>olim</strong></span> <span class='ocrx_word' id='word_1_133' title='bbox 1843 2321 1994 2363; x_wconf 84' lang='lat' dir='ltr'><strong>vero</strong></span> <span class='ocrx_word' id='word_1_134' title='bbox 2041 2300 2107 2362; x_wconf 91' lang='lat' dir='ltr'><strong>in</strong></span> <span class='ocrx_word' id='word_1_135' title='bbox 2155 2299 2363 2363; x_wconf 88' lang='lat' dir='ltr'><strong>fronte</strong></span> <span class='ocrx_word' id='word_1_136' title='bbox 2413 2300 2732 2385; x_wconf 86' lang='lat' dir='ltr'><strong>digammo</strong></span> 
     </span>
     <span class='ocr_line' id='line_1_18' title="bbox 613 2412 2731 2496; baseline 0.001 -18"><span class='ocrx_word' id='word_1_137' title='bbox 613 2416 953 2479; x_wconf 86' lang='lat' dir='ltr'><strong>instructas</strong></span> <span class='ocrx_word' id='word_1_138' title='bbox 1022 2414 1259 2496; x_wconf 86' lang='lat' dir='ltr'><strong>(Rzach</strong></span> <span class='ocrx_word' id='word_1_139' title='bbox 1332 2412 1513 2478; x_wconf 87' lang='lat' dir='ltr'><strong>Neue</strong></span> <span class='ocrx_word' id='word_1_140' title='bbox 1585 2414 1810 2478; x_wconf 58' lang='lat' dir='ltr'><strong>Beitr„</strong></span> <span class='ocrx_word' id='word_1_141' title='bbox 1847 2416 2045 2491; x_wconf 79' lang='lat'>5-6)</span> <span class='ocrx_word' id='word_1_142' title='bbox 2096 2415 2194 2479; x_wconf 87' lang='lat' dir='ltr'><strong>vel</strong></span> <span class='ocrx_word' id='word_1_143' title='bbox 2242 2416 2450 2480; x_wconf 85' lang='lat' dir='ltr'><strong>brevis</strong></span> <span class='ocrx_word' id='word_1_144' title='bbox 2497 2416 2731 2480; x_wconf 87' lang='lat' dir='ltr'><strong>vocalis</strong></span> 
     </span>
     <span class='ocr_line' id='line_1_19' title="bbox 614 2530 2732 2624; baseline 0 -31"><span class='ocrx_word' id='word_1_145' title='bbox 614 2531 822 2595; x_wconf 89' lang='lat' dir='ltr'><strong>finalis</strong></span> <span class='ocrx_word' id='word_1_146' title='bbox 891 2534 1036 2595; x_wconf 89' lang='lat' dir='ltr'><strong>ante</strong></span> <span class='ocrx_word' id='word_1_147' title='bbox 1107 2530 1350 2594; x_wconf 88' lang='lat' dir='ltr'><strong>initiale</strong></span> <span class='ocrx_word' id='word_1_148' title='bbox 1421 2549 1457 2589; x_wconf 85' lang='grc' dir='ltr'><em>σ</em></span> <span class='ocrx_word' id='word_1_149' title='bbox 1504 2558 1587 2581; x_wconf 91' lang='lat'><strong><em>=</em></strong></span> <span class='ocrx_word' id='word_1_150' title='bbox 1635 2531 1974 2615; x_wconf 84' lang='lat' dir='ltr'><strong>primigen.</strong></span> <span class='ocrx_word' id='word_1_151' title='bbox 2038 2538 2130 2618; x_wconf 75' lang='lat' dir='ltr'><strong>of</strong></span> <span class='ocrx_word' id='word_1_152' title='bbox 2177 2530 2315 2614; x_wconf 85' lang='lat' dir='ltr'><strong>(Rz.</strong></span> <span class='ocrx_word' id='word_1_153' title='bbox 2365 2531 2407 2595; x_wconf 91' lang='lat' dir='ltr'><strong>l.</strong></span> <span class='ocrx_word' id='word_1_154' title='bbox 2458 2554 2511 2596; x_wconf 91' lang='lat' dir='ltr'><strong>c.</strong></span> <span class='ocrx_word' id='word_1_155' title='bbox 2562 2535 2646 2610; x_wconf 94' lang='grc'><strong>8),</strong></span> <span class='ocrx_word' id='word_1_156' title='bbox 2685 2531 2732 2624; x_wconf 23' lang='grc' dir='ltr'><strong>αδ</strong></span> 
     </span>
     <span class='ocr_line' id='line_1_20' title="bbox 614 2645 2730 2733; baseline 0.001 -23"><span class='ocrx_word' id='word_1_157' title='bbox 614 2677 696 2699; x_wconf 91' lang='lat'><strong><em>=</em></strong></span> <span class='ocrx_word' id='word_1_158' title='bbox 745 2648 1084 2732; x_wconf 83' lang='lat' dir='ltr'><strong>primigen.</strong></span> <span class='ocrx_word' id='word_1_159' title='bbox 1136 2645 1223 2733; x_wconf 63' lang='lat' dir='ltr'><strong>&amp;f</strong></span> <span class='ocrx_word' id='word_1_160' title='bbox 1284 2645 1422 2723; x_wconf 84' lang='lat' dir='ltr'><strong>(Rz.</strong></span> <span class='ocrx_word' id='word_1_161' title='bbox 1471 2645 1512 2709; x_wconf 90' lang='lat' dir='ltr'><strong>l.</strong></span> <span class='ocrx_word' id='word_1_162' title='bbox 1565 2667 1619 2711; x_wconf 89' lang='lat' dir='ltr'><strong>c.</strong></span> <span class='ocrx_word' id='word_1_163' title='bbox 1672 2648 1777 2723; x_wconf 92' lang='grc'><strong>10)</strong></span> <span class='ocrx_word' id='word_1_164' title='bbox 1824 2646 1925 2710; x_wconf 84' lang='lat' dir='ltr'><strong>vel</strong></span> <span class='ocrx_word' id='word_1_165' title='bbox 1972 2647 2183 2710; x_wconf 84' lang='lat' dir='ltr'><strong>brevis</strong></span> <span class='ocrx_word' id='word_1_166' title='bbox 2230 2647 2476 2731; x_wconf 84' lang='lat' dir='ltr'><strong>syllaba</strong></span> <span class='ocrx_word' id='word_1_167' title='bbox 2522 2649 2730 2712; x_wconf 90' lang='lat' dir='ltr'><strong>finalis</strong></span> 
     </span>
     <span class='ocr_line' id='line_1_21' title="bbox 611 2762 2726 2844; baseline 0 -17"><span class='ocrx_word' id='word_1_168' title='bbox 611 2764 679 2827; x_wconf 89' lang='lat' dir='ltr'><strong>in</strong></span> <span class='ocrx_word' id='word_1_169' title='bbox 747 2785 1083 2828; x_wconf 88' lang='lat' dir='ltr'><strong>consonam</strong></span> <span class='ocrx_word' id='word_1_170' title='bbox 1153 2762 1443 2826; x_wconf 89' lang='lat' dir='ltr'><strong>desinens</strong></span> <span class='ocrx_word' id='word_1_171' title='bbox 1512 2766 1659 2826; x_wconf 87' lang='lat' dir='ltr'><strong>ante</strong></span> <span class='ocrx_word' id='word_1_172' title='bbox 1710 2762 2015 2826; x_wconf 87' lang='lat' dir='ltr'><strong>initialem</strong></span> <span class='ocrx_word' id='word_1_173' title='bbox 2065 2764 2348 2827; x_wconf 82' lang='lat' dir='ltr'><strong>vocalem</strong></span> <span class='ocrx_word' id='word_1_174' title='bbox 2394 2763 2532 2844; x_wconf 84' lang='lat' dir='ltr'>(Rz.</span> <span class='ocrx_word' id='word_1_175' title='bbox 2581 2765 2621 2828; x_wconf 92' lang='lat' dir='ltr'><strong>l.</strong></span> <span class='ocrx_word' id='word_1_176' title='bbox 2674 2787 2726 2829; x_wconf 90' lang='lat' dir='ltr'><strong>c.</strong></span> 
     </span>
     <span class='ocr_line' id='line_1_22' title="bbox 613 2879 2726 2960; baseline 0 -16"><span class='ocrx_word' id='word_1_177' title='bbox 613 2882 717 2957; x_wconf 89' lang='grc'><strong>55,</strong></span> <span class='ocrx_word' id='word_1_178' title='bbox 792 2882 894 2958; x_wconf 90' lang='grc'><strong>68,</strong></span> <span class='ocrx_word' id='word_1_179' title='bbox 968 2879 1070 2956; x_wconf 92' lang='grc'><strong>77,</strong></span> <span class='ocrx_word' id='word_1_180' title='bbox 1146 2880 1247 2958; x_wconf 90' lang='grc'><strong>78,</strong></span> <span class='ocrx_word' id='word_1_181' title='bbox 1297 2880 1400 2957; x_wconf 91' lang='grc'><strong>80,</strong></span> <span class='ocrx_word' id='word_1_182' title='bbox 1451 2880 1555 2957; x_wconf 93' lang='grc'><strong>81,</strong></span> <span class='ocrx_word' id='word_1_183' title='bbox 1608 2880 1710 2957; x_wconf 89' lang='grc'><strong>83,</strong></span> <span class='ocrx_word' id='word_1_184' title='bbox 1762 2880 1865 2956; x_wconf 88' lang='grc'><strong>85,</strong></span> <span class='ocrx_word' id='word_1_185' title='bbox 1916 2881 2019 2957; x_wconf 93' lang='grc'><strong>87,</strong></span> <span class='ocrx_word' id='word_1_186' title='bbox 2070 2881 2172 2954; x_wconf 88' lang='grc'><strong>97,</strong></span> <span class='ocrx_word' id='word_1_187' title='bbox 2225 2882 2328 2959; x_wconf 88' lang='grc'><strong>98,</strong></span> <span class='ocrx_word' id='word_1_188' title='bbox 2383 2881 2526 2960; x_wconf 88' lang='grc'><strong>101,</strong></span> <span class='ocrx_word' id='word_1_189' title='bbox 2582 2882 2726 2960; x_wconf 89' lang='grc'><strong>104,</strong></span> 
     </span>
     <span class='ocr_line' id='line_1_23' title="bbox 615 2984 2730 3078; baseline 0 -18"><span class='ocrx_word' id='word_1_190' title='bbox 615 2997 765 3073; x_wconf 93' lang='grc'><strong>108)</strong></span> <span class='ocrx_word' id='word_1_191' title='bbox 813 2994 1262 3078; x_wconf 86' lang='lat' dir='ltr'><strong>subductisque</strong></span> <span class='ocrx_word' id='word_1_192' title='bbox 1310 2995 1662 3059; x_wconf 86' lang='lat' dir='ltr'><strong>rationibus</strong></span> <span class='ocrx_word' id='word_1_193' title='bbox 1710 2984 1924 3058; x_wconf 84' lang='lat' dir='ltr'><strong>inveni</strong></span> <span class='ocrx_word' id='word_1_194' title='bbox 1957 2994 2207 3057; x_wconf 87' lang='lat' dir='ltr'><strong>illarum</strong></span> <span class='ocrx_word' id='word_1_195' title='bbox 2241 2996 2730 3078; x_wconf 90' lang='lat' dir='ltr'><strong>productionum</strong></span> 
     </span>
     <span class='ocr_line' id='line_1_24' title="bbox 611 3110 2729 3200; baseline 0.001 -26"><span class='ocrx_word' id='word_1_196' title='bbox 611 3134 723 3175; x_wconf 84' lang='lat' dir='ltr'><strong>sex</strong></span> <span class='ocrx_word' id='word_1_197' title='bbox 792 3115 856 3175; x_wconf 86' lang='lat' dir='ltr'><strong>et</strong></span> <span class='ocrx_word' id='word_1_198' title='bbox 901 3111 1329 3196; x_wconf 84' lang='lat' dir='ltr'><strong>quadraginta</strong></span> <span class='ocrx_word' id='word_1_199' title='bbox 1375 3111 1441 3174; x_wconf 91' lang='lat' dir='ltr'><strong>in</strong></span> <span class='ocrx_word' id='word_1_200' title='bbox 1489 3111 1686 3193; x_wconf 90' lang='lat' dir='ltr'><strong>epicis</strong></span> <span class='ocrx_word' id='word_1_201' title='bbox 1734 3110 2120 3174; x_wconf 87' lang='lat' dir='ltr'><strong>carminibus</strong></span> <span class='ocrx_word' id='word_1_202' title='bbox 2168 3113 2439 3190; x_wconf 84' lang='lat' dir='ltr'><strong>exstare,</strong></span> <span class='ocrx_word' id='word_1_203' title='bbox 2492 3113 2729 3200; x_wconf 82' lang='lat' dir='ltr'><strong>duode-</strong></span> 
     </span>
     <span class='ocr_line' id='line_1_25' title="bbox 611 3225 2730 3310; baseline 0 -19"><span class='ocrx_word' id='word_1_204' title='bbox 611 3228 735 3291; x_wconf 91' lang='lat' dir='ltr'><strong>cim</strong></span> <span class='ocrx_word' id='word_1_205' title='bbox 803 3228 866 3290; x_wconf 90' lang='lat' dir='ltr'><strong>in</strong></span> <span class='ocrx_word' id='word_1_206' title='bbox 938 3226 1260 3305; x_wconf 74' lang='lat' dir='ltr'><strong>bucolici8‚</strong></span> <span class='ocrx_word' id='word_1_207' title='bbox 1330 3226 1397 3289; x_wconf 91' lang='lat' dir='ltr'><strong>in</strong></span> <span class='ocrx_word' id='word_1_208' title='bbox 1466 3226 1737 3289; x_wconf 90' lang='lat' dir='ltr'><strong>mimicis</strong></span> <span class='ocrx_word' id='word_1_209' title='bbox 1783 3230 1933 3289; x_wconf 73' lang='lat' dir='ltr'><strong>treS.</strong></span> <span class='ocrx_word' id='word_1_210' title='bbox 2029 3225 2179 3290; x_wconf 89' lang='lat' dir='ltr'><strong>Plus</strong></span> <span class='ocrx_word' id='word_1_211' title='bbox 2226 3249 2415 3310; x_wconf 88' lang='lat' dir='ltr'><strong>quam</strong></span> <span class='ocrx_word' id='word_1_212' title='bbox 2466 3228 2730 3292; x_wconf 80' lang='lat' dir='ltr'><strong>dimidia,</strong></span> 
     </span>
     <span class='ocr_line' id='line_1_26' title="bbox 609 3342 2729 3427; baseline 0 -20"><span class='ocrx_word' id='word_1_213' title='bbox 609 3365 757 3426; x_wconf 89' lang='lat' dir='ltr'><strong>pars</strong></span> <span class='ocrx_word' id='word_1_214' title='bbox 828 3365 1041 3407; x_wconf 85' lang='lat' dir='ltr'><strong>earum</strong></span> <span class='ocrx_word' id='word_1_215' title='bbox 1097 3342 1601 3426; x_wconf 83' lang='lat' dir='ltr'><strong>productionum,</strong></span> <span class='ocrx_word' id='word_1_216' title='bbox 1650 3364 1790 3424; x_wconf 84' lang='lat' dir='ltr'><strong>quae</strong></span> <span class='ocrx_word' id='word_1_217' title='bbox 1839 3343 1907 3405; x_wconf 91' lang='lat' dir='ltr'><strong>in</strong></span> <span class='ocrx_word' id='word_1_218' title='bbox 1954 3343 2151 3426; x_wconf 88' lang='lat' dir='ltr'><strong>epicis</strong></span> <span class='ocrx_word' id='word_1_219' title='bbox 2197 3342 2434 3427; x_wconf 84' lang='lat' dir='ltr'><strong>idylliis</strong></span> <span class='ocrx_word' id='word_1_220' title='bbox 2480 3344 2729 3408; x_wconf 86' lang='lat' dir='ltr'><strong>inveni-</strong></span> 
     </span>
     <span class='ocr_line' id='line_1_27' title="bbox 610 3458 2729 3545; baseline 0 -22"><span class='ocrx_word' id='word_1_221' title='bbox 610 3463 819 3538; x_wconf 86' lang='lat' dir='ltr'><strong>untur,</strong></span> <span class='ocrx_word' id='word_1_222' title='bbox 867 3460 933 3523; x_wconf 89' lang='lat' dir='ltr'><strong>in</strong></span> <span class='ocrx_word' id='word_1_223' title='bbox 980 3459 1258 3523; x_wconf 86' lang='lat' dir='ltr'><strong>carmine</strong></span> <span class='ocrx_word' id='word_1_224' title='bbox 1304 3458 1488 3522; x_wconf 88' lang='lat' dir='ltr'><strong>XXV</strong></span> <span class='ocrx_word' id='word_1_225' title='bbox 1536 3458 1794 3542; x_wconf 86' lang='lat' dir='ltr'><strong>legitur,</strong></span> <span class='ocrx_word' id='word_1_226' title='bbox 1844 3458 1952 3522; x_wconf 88' lang='lat' dir='ltr'><strong>ubi</strong></span> <span class='ocrx_word' id='word_1_227' title='bbox 1991 3459 2471 3545; x_wconf 83' lang='lat' dir='ltr'><strong>duodetriginta</strong></span> <span class='ocrx_word' id='word_1_228' title='bbox 2502 3459 2729 3544; x_wconf 86' lang='lat' dir='ltr'><strong>hujus-</strong></span> 
     </span>
     <span class='ocr_line' id='line_1_28' title="bbox 608 3575 2728 3664; baseline 0 -25"><span class='ocrx_word' id='word_1_229' title='bbox 608 3576 777 3639; x_wconf 92' lang='lat' dir='ltr'><strong>modi</strong></span> <span class='ocrx_word' id='word_1_230' title='bbox 824 3577 1270 3664; x_wconf 83' lang='lat' dir='ltr'><strong>productiones</strong></span> <span class='ocrx_word' id='word_1_231' title='bbox 1302 3575 1481 3639; x_wconf 87' lang='lat' dir='ltr'><strong>nobis</strong></span> <span class='ocrx_word' id='word_1_232' title='bbox 1514 3577 1883 3652; x_wconf 83' lang='lat' dir='ltr'><strong>occurrunt3</strong></span> <span class='ocrx_word' id='word_1_233' title='bbox 1934 3575 2163 3658; x_wconf 90' lang='lat' dir='ltr'><strong>quibus</strong></span> <span class='ocrx_word' id='word_1_234' title='bbox 2196 3577 2478 3659; x_wconf 83' lang='lat' dir='ltr'><strong>exceptis</strong></span> <span class='ocrx_word' id='word_1_235' title='bbox 2510 3581 2728 3640; x_wconf 90' lang='lat' dir='ltr'><strong>tamen</strong></span> 
     </span>
     <span class='ocr_line' id='line_1_29' title="bbox 610 3691 2727 3775; baseline 0.001 -20"><span class='ocrx_word' id='word_1_236' title='bbox 610 3691 830 3775; x_wconf 82' lang='lat' dir='ltr'><strong>idyllia</strong></span> <span class='ocrx_word' id='word_1_237' title='bbox 876 3692 1144 3756; x_wconf 88' lang='lat' dir='ltr'><strong>bucolici</strong></span> <span class='ocrx_word' id='word_1_238' title='bbox 1192 3695 1256 3754; x_wconf 89' lang='lat' dir='ltr'><strong>et</strong></span> <span class='ocrx_word' id='word_1_239' title='bbox 1288 3691 1526 3755; x_wconf 89' lang='lat' dir='ltr'><strong>mimici</strong></span> <span class='ocrx_word' id='word_1_240' title='bbox 1559 3692 1813 3775; x_wconf 85' lang='lat' dir='ltr'><strong>generis</strong></span> <span class='ocrx_word' id='word_1_241' title='bbox 1846 3692 2331 3775; x_wconf 89' lang='lat' dir='ltr'><strong>productionum</strong></span> <span class='ocrx_word' id='word_1_242' title='bbox 2363 3693 2727 3775; x_wconf 81' lang='lat' dir='ltr'><strong>frequentia</strong></span> 
     </span>
     <span class='ocr_line' id='line_1_30' title="bbox 609 3807 2727 3894; baseline -0 -22"><span class='ocrx_word' id='word_1_243' title='bbox 609 3808 800 3894; x_wconf 88' lang='lat' dir='ltr'><strong>longe</strong></span> <span class='ocrx_word' id='word_1_244' title='bbox 871 3811 1251 3891; x_wconf 88' lang='lat' dir='ltr'><strong>superantur</strong></span> <span class='ocrx_word' id='word_1_245' title='bbox 1320 3809 1400 3871; x_wconf 88' lang='lat' dir='ltr'><strong>ab</strong></span> <span class='ocrx_word' id='word_1_246' title='bbox 1450 3807 1647 3890; x_wconf 87' lang='lat' dir='ltr'><strong>epicis</strong></span> <span class='ocrx_word' id='word_1_247' title='bbox 1695 3808 2099 3872; x_wconf 82' lang='lat' dir='ltr'><strong>carminibus,</strong></span> <span class='ocrx_word' id='word_1_248' title='bbox 2193 3807 2345 3882; x_wconf 80' lang='lat' dir='ltr'><strong>Quae</strong></span> <span class='ocrx_word' id='word_1_249' title='bbox 2393 3831 2590 3891; x_wconf 79' lang='lat' dir='ltr'><strong>quum</strong></span> <span class='ocrx_word' id='word_1_250' title='bbox 2633 3808 2727 3871; x_wconf 88' lang='lat' dir='ltr'><strong>ita</strong></span> 
     </span>
     <span class='ocr_line' id='line_1_31' title="bbox 608 3923 2725 4009; baseline 0 -22"><span class='ocrx_word' id='word_1_251' title='bbox 608 3924 754 4001; x_wconf 85' lang='lat' dir='ltr'><strong>sint,</strong></span> <span class='ocrx_word' id='word_1_252' title='bbox 803 3924 998 3988; x_wconf 90' lang='lat' dir='ltr'><strong>etiam</strong></span> <span class='ocrx_word' id='word_1_253' title='bbox 1044 3924 1143 3987; x_wconf 88' lang='lat' dir='ltr'><strong>his</strong></span> <span class='ocrx_word' id='word_1_254' title='bbox 1183 3924 1250 3986; x_wconf 89' lang='lat' dir='ltr'><strong>in</strong></span> <span class='ocrx_word' id='word_1_255' title='bbox 1281 3925 1471 3988; x_wconf 88' lang='lat' dir='ltr'><strong>rebus</strong></span> <span class='ocrx_word' id='word_1_256' title='bbox 1505 3924 1585 3987; x_wconf 87' lang='lat' dir='ltr'><strong>ad</strong></span> <span class='ocrx_word' id='word_1_257' title='bbox 1618 3923 1878 3988; x_wconf 89' lang='lat' dir='ltr'><strong>Homeri</strong></span> <span class='ocrx_word' id='word_1_258' title='bbox 1915 3923 2434 3988; x_wconf 89' lang='lat' dir='ltr'><strong>consuetudinem</strong></span> <span class='ocrx_word' id='word_1_259' title='bbox 2465 3925 2725 4009; x_wconf 88' lang='lat' dir='ltr'><strong>propius</strong></span> 
     </span>
     <span class='ocr_line' id='line_1_32' title="bbox 609 4037 2198 4124; baseline -0.001 -19"><span class='ocrx_word' id='word_1_260' title='bbox 609 4042 908 4105; x_wconf 88' lang='lat' dir='ltr'><strong>accedere</strong></span> <span class='ocrx_word' id='word_1_261' title='bbox 957 4040 1252 4105; x_wconf 81' lang='lat' dir='ltr'><strong>videntur</strong></span> <span class='ocrx_word' id='word_1_262' title='bbox 1298 4040 1479 4124; x_wconf 89' lang='lat' dir='ltr'><strong>epica</strong></span> <span class='ocrx_word' id='word_1_263' title='bbox 1523 4037 1851 4104; x_wconf 85' lang='lat' dir='ltr'><strong>Theocriti</strong></span> <span class='ocrx_word' id='word_1_264' title='bbox 1898 4040 2198 4104; x_wconf 86' lang='lat' dir='ltr'><strong>carmina.</strong></span> 
     </span>
    </p>
   </div>
   <div class='ocr_carea' id='block_1_6' title="bbox 3021 3867 3093 4800">
    <p class='ocr_par' dir='ltr' id='par_1_7' title="bbox 3021 3867 3093 4800">
     <span class='ocr_line' id='line_1_33' title="bbox 3021 4797 3046 4800; textangle 90"><span class='ocrx_word' id='word_1_265' title='bbox 3021 4797 3046 4800; x_wconf 86' lang='grc' dir='ltr'>Ι</span> 
     </span>
     <span class='ocr_line' id='line_1_34' title="bbox 3067 3867 3093 4800; textangle 90"><span class='ocrx_word' id='word_1_266' title='bbox 3067 4355 3093 4800; x_wconf 33' lang='grc' dir='ltr'><strong>Ιῌ-ι-ὲ--ῌ-</strong></span> <span class='ocrx_word' id='word_1_267' title='bbox 3077 3979 3093 4320; x_wconf 50' lang='grc' dir='ltr'><strong>,μ</strong></span> <span class='ocrx_word' id='word_1_268' title='bbox 3089 3867 3093 3926; x_wconf 51' lang='grc'><strong>1.-</strong></span> 
     </span>
    </p>
   </div>
  </div>
 </body>
</html>
