3109 4859
1566 375 1907 438 *52—

892 527 1144 636 αἰγιόχῖι)
1179 552 1225 630 ¹)
1293 575 1351 618 v.
1427 555 1484 632 1,
1555 554 1767 637 κόχλω
1796 553 1848 637 2)
1916 578 1976 619 v.
2048 556 2150 635 77,
2199 557 2400 639 τυμβω
2428 555 2482 641 3)
2529 581 2588 622 v.
2629 542 2790 635 Ι208,

682 668 911 751 quibus
956 667 1109 732 locis
1158 690 1225 729 ου
1270 669 1605 734 restituere
1654 693 1779 735 non
1827 673 2067 738 dubito,
2761 708 2772 717 ’

889 783 1105 847 Etiam
1171 784 1237 848 in
1307 786 1433 869 adj.
1504 789 1879 870 χειμάρρους
1945 810 2003 852 v.
2067 788 2149 852 50
2200 809 2266 849 οο
2312 790 2494 852 in‘oo
2542 790 2790 853 coalue-

676 903 857 976 runt3
906 900 1074 963 idem
1120 923 1268 967 vero
1314 902 1636 966 invenitur
1682 901 1868 966 Hom.
1920 892 2002 967 ΙΙ.
2043 901 2155 967 XI.
2207 906 2355 969 493.

889 1036 955 1076 οο
1001 1038 1124 1079 non
1172 1021 1400 1081 contr.:
2253 1022 2262 1028 ’

886 1131 1070 1194 πλόον
1115 1155 1175 1197 v.
1225 1133 1329 1212 22,
1379 1136 1566 1215 χρόος
1611 1155 1670 1197 v,
1722 1134 1867 1198 188.

1672 1389 1782 1456 ΙΧ.

1171 1533 1275 1601 De
1323 1555 1356 1595 υ
1405 1533 1481 1601 et
1528 1555 1574 1595 ω
1624 1556 1780 1602 cum
1830 1555 1978 1622 seq.
2027 1536 2287 1605 vocali.
2393 1520 2396 1523 ¹

885 1703 971 1771 A.
1063 1724 1120 1764 υι
1167 1704 1234 1767 in
1280 1712 1315 1766 δ
1362 1704 1747 1772 coalescunt:

887 1848 1004 1931 φυη
1051 1846 1193 1911 XV.
1246 1848 1348 1912 94.

848 2000 964 2073 ΔΒ.
1057 2027 1102 2067 ω
1151 2030 1295 2072 cum
1341 2031 1472 2092 seq.
1520 1994 1756 2073 vocali:

1495 2151 1562 2213 in
1609 2151 1693 2214 id.
1743 2148 1959 2228 XXII:

884 2316 1009 2358 non
1081 2297 1313 2358 contr.:
1384 2288 1593 2377 ἥρωας
1657 2316 1716 2359 v.
1783 2295 1884 2364 78,
1933 2289 2128 2377 ἥρωες
2174 2316 2233 2359 v.
2283 2297 2387 2373 92,
2434 2290 2781 2380 ἡρώεσσι(ν)

681 2410 824 2490 16-3,
875 2411 1036 2488 216;
1087 2409 1379 2490 πατρώιον
1426 2432 1485 2474 v.
1536 2409 1683 2488 164,
1730 2415 1832 2471 wan
1880 2433 1937 2474 v.
1990 2410 2148 2485 1753

884 2548 961 2588 ex
1009 2546 1078 2585 ωι
1126 2546 1172 2605 ῳ
1219 2525 1322 2589 fit:
1358 2533 1534 2609 ἡσφῷν
1582 2548 1638 2590 v.
1692 2526 1836 2603 166,
1886 2528 2129 2608 πατρῴῃ
2176 2551 2233 2592 v.
2284 2529 2432 2590 205.

1687 2784 1766 2849 Χ.

1255 2926 1358 2994 De
1407 2926 1599 2995 crasi
1648 2948 1860 3013 quam
1905 2926 2193 2996 vocant.

1538 3094 1614 3160 In
1660 3098 1745 3162 id.
1793 3096 1915 3162 XV

880 3210 993 3305 As
1056 3238 1383 3304 Articulus
1440 3262 1579 3303 cum
1630 3240 1833 3304 vocali
1879 3239 1980 3304 vel
2029 3239 2379 3325 diphtongo
2423 3241 2781 3325 insequenti

676 3355 936 3419 coaluit:
1009 3349 1197 3447 ταύτᾷ
1238 3379 1297 3420 v.
1352 3356 1451 3431 18,
1502 3352 1793 3437 τάκρτβὲοι
1841 3379 1898 3420 v.
1947 3358 2051 3433 81,
2101 3344 2481 3440 ’ὲώμπέχονον
2526 3381 2626 3423 vv.
2676 3359 2794 3449 21,-

673 3473 776 3550 39,
829 3474 930 3548 71,
980 3466 1308 3568 (ἦνθρωπος
1354 3495 1451 3536 vv.
1503 3473 1607 3550 83,
1658 3473 1759 3535 89.

889 3683 928 3751 ¹)
968 3680 1193 3754 αἰγιόχω
1233 3683 1381 3753 vulg.
1423 3679 1664 3753 αἰγιόχου
1701 3685 1797 3738 Im.
1838 3685 2003 3740 Mein.
2043 3684 2180 3740 Edd.

888 3771 926 3841 ⁹)
965 3770 1146 3842 κόχλω
1201 3773 1352 3840 vulg.
1407 3770 1604 3842 κόχλου
1657 3775 1721 3827 D.
1760 3774 1926 3828 Mein.
1964 3774 2100 3829 Edd.
2143 3792 2202 3826 ου
2241 3793 2403 3844 super
2440 3794 2481 3825 ω
2519 3795 2561 3830 r.
2600 3774 2779 3846 κόχλῳ

670 3864 815 3916 Iunt.
856 3862 982 3929 (sec.
1022 3862 1175 3931 Ahr.)

887 3950 927 4020 ⁸)
964 3950 1145 4021 τύμβω
1201 3953 1351 4022 vulg.
1406 3952 1573 4007 Mein.
1626 3949 1804 4022 τύμβῳ
1862 3954 1929 4008 18
1964 3973 2007 4008 r.
2046 3954 2170 4008 Ald.
2208 3952 2256 4021 β.
2294 3955 2440 4009 lunt.
2478 3953 2675 4024 τύμβου
2713 3957 2777 4011 D.

668 4040 807 4095 Edd.
846 4060 957 4096 exe.
996 4042 1162 4096 Mein.
1532 4095 1540 4105 ,
1861 4040 1904 4075 Χ
