3109 4859
1577 417 1656 426 -
1709 381 1833 444 126
1885 419 1965 426 -—

710 559 800 622 cis
870 563 936 623 et
1004 559 1243 643 epicis(
1316 558 1477 623 Fere
1549 560 1772 624 eadem
1828 563 2040 624 autem
2087 561 2340 625 videtur
2385 585 2522 627 esse
2571 586 2813 647 correp-

704 676 950 741 tionum
1017 676 1379 760 frequentia
1444 676 1617 768 apud
1684 675 2032 740 Pindarum
2079 682 2144 741 et
2187 678 2255 741 in
2299 680 2571 746 mimicis
2617 679 2815 743 Theo-

710 792 852 855 criti
900 792 1161 876 idylliis.

853 989 867 1008 ⁹
916 906 1093 972 Inter
1158 907 1412 993 singula
1481 909 1766 992 ejusdem
1823 910 2078 992 generis
2126 912 2407 975 carmina
2451 909 2817 975 Theocritea

705 1023 826 1087 hac
861 1011 963 1087 'in
1030 1046 1098 1088 re
1168 1024 1427 1107 aliquod
1486 1024 1883 1090 intercedere
1931 1025 2270 1090 discrimen
2317 1050 2396 1091 ex
2440 1027 2561 1091 hac
2611 1027 2818 1092 tabula

708 1140 942 1205 elucet:

1214 1523 1353 1590 xv.
1583 1501 1588 1504 ’
1835 1530 1911 1592 31
2373 1530 2458 1592 40

1211 1701 1450 1768 XVIII.
1836 1707 1912 1770 17
2469 1767 2476 1772 .

1210 1880 1420 1947 XVII.
1830 1887 1912 1948 52

1831 2065 1912 2127 75

1210 2060 1419 2129 XXII.

908 2301 1194 2367 Tertium
1239 2272 1573 2387 positicnis
1605 2327 1828 2390 geum,
1862 2308 2041 2389 cujus
2074 2329 2331 2389 prorsus
2363 2307 2600 2371 nullam
2637 2330 2811 2371 men-

693 2418 932 2482 tionem
978 2419 1190 2483 Kunst
1235 2420 1410 2499 fecit,
1459 2424 1576 2499 est,
1624 2444 1817 2504 quum
1858 2423 2239 2487 vocabulum
2272 2419 2394 2505 (ἐκ)
2428 2445 2544 2506 per
2575 2428 2811 2488 mutam

695 2556 1033 2598 consonam
1080 2535 1296 2599 exiens
1345 2536 1585 2620 excipit
1630 2560 1751 2600 vox
1799 2561 1836 2600 a
1877 2537 2120 2622 liquida
2151 2539 2480 2621 incipiens
2575 2539 2812 2603 Decem

692 2654 942 2715 tantum
986 2651 1178 2735 hujus
1225 2653 1479 2736 generis
1526 2653 1822 2737 exempla
1867 2654 1934 2716 in
1981 2655 2275 2739 genuinis
2320 2654 2643 2719 Theocriti
2677 2679 2812 2720 car-

690 2767 968 2832 minibus
1016 2772 1287 2831 exstant.
1380 2766 1540 2832 Sunt
1585 2770 1844 2853 quidem
1889 2769 2061 2835 haec:

904 2884 970 2947 in
1016 2882 1184 2947 thesi
1229 2884 1471 2968 prima:
1529 2882 1583 2949 I.
1634 2866 1758 2950 140
1808 2881 1878 2947 ἐκ
1927 2881 2181 2967 Μοιρᾶν,
2229 2883 2382 2950 VII.
2437 2889 2516 2950 15
2566 2885 2637 2948 ὲκ
2686 2891 2810 2971 μέν,

694 2996 869 3063 XVI.
920 3000 1004 3064 58
1053 2995 1125 3061 ἐκ
1172 2995 1444 3074 Μοισᾶν;
2907 2996 2914 3006 ’

903 3116 969 3179 in
1016 3116 1184 3179 thesi
1231 3116 1466 3181 altera:
1513 3114 1664 3183 VII.
1718 3119 1840 3182 129
1891 3114 1961 3179 ἐκ
2008 3113 2267 3191 Μοισᾶν,
2315 3117 2430 3183 ΧΙ.
2483 3121 2563 3184 16
2600 3115 2672 3181 ἐκ
2705 3141 2811 3203 με·

690 3231 906 3310 γάλας,
954 3229 1132 3297 XVI.
1181 3233 1264 3297 85
1314 3229 1384 3294 ἐκ
1430 3235 1656 3307 νάσοιο,
1704 3232 1908 3324 XXV.
1963 3235 2088 3299 134
2137 3230 2208 3295 ἐκ
2255 3234 2527 3308 λασίοιος

900 3349 967 3411 in
1013 3347 1180 3413 thesi
1227 3352 1485 3432 quarta:
1534 3349 1614 3413 X.
1666 3352 1703 3414 5
1754 3346 1823 3410 ἐκ
1871 3353 2054 3433 μεσω,
2103 3349 2246 3416 XV.
2300 3354 2424 3416 123
2472 3348 2542 3413 ἐκ
2575 3352 2806 3424 λευκῶς

904 3465 971 3527 in
1017 3464 1184 3528 thesi
1233 3465 1488 3548 quinta:
1536 3463 1747 3529 XXII.
1804 3467 1924 3529 112
1960 3463 2032 3527 ἐκ
2065 3465 2333 3549 μεγάλου
2366 3468 2582 3551 (atque
2616 3468 2811 3533 semel

688 3580 757 3643 in
806 3580 1085 3644 carmine
1131 3582 1348 3663 spurio
1394 3579 1636 3645 XXIII.
1687 3582 1771 3645 39
1819 3578 1891 3643 ἐκ
1939 3576 2217 3664 ῥεθέων),
2252 3584 2624 3667 quibuscum
2661 3588 2807 3667 apte

688 3696 1097 3761 conferuntur
1158 3698 1382 3780 juncta
1450 3698 1779 3776 vocabula,
1850 3721 1990 3783 quae
2062 3703 2209 3762 sunt
2273 3699 2351 3763 V.
2404 3702 2481 3764 91
2537 3697 2807 3782 ἐκμαίνει

690 3812 883 3894 (thesi
930 3810 1007 3890 I),
1058 3809 1108 3875 I.
1160 3815 1243 3877 63
1291 3810 1714 3875 ἐκλελάθοντα
1761 3814 1957 3896 (thesi
2005 3813 2144 3893 IV),
2178 3813 2412 3879 XXIV.
2451 3819 2533 3880 33
2568 3814 2807 3877 ἐ’κλωιν

687 3928 877 4011 (thesi
946 3928 1054 4006 V),
1124 3926 1332 3994 XVII.
1411 3932 1532 3993 122
1584 3926 1955 4013 ἐπιμάσσεται
2003 3930 2157 4013 (arsi
2205 3929 2346 4012 IV),
2393 3933 2803 4015 productione

687 4047 970 4134 ejusdem
1017 4045 1152 4110 fere
1198 4046 1452 4131 generis
1498 4048 1777 4129 praedita
1824 4049 2013 4130 atque
2059 4048 2193 4113 illa.
