3109 4859
1653 393 1657 404 ι

1390 389 1429 455 3
1630 411 1634 422 ⁴

555 568 648 636 Id.
721 567 871 650 XII,
945 591 1199 634 carmen
1246 570 1644 645 amatorium,
1693 568 1904 634 ionica
1946 569 2218 634 dialecto
2262 569 2465 654 scrip-

339 693 487 754 tum·
524 710 660 752 esse
709 687 1069 771 complures
1111 689 1308 749 testes
1352 685 1671 749 affirmant
1702 686 1844 763 (cfr.
1875 685 2208 750 'Fritzsche
2240 686 2460 772 Magn.

340 797 460 869 Ed.
510 806 660 883 375,
710 802 963 888 Ziegler
1009 798 1109 864 III
1157 802 1276 866 Ed.
1327 803 1431 882 68,
1480 801 1755 885 AhrenS,
1806 802 2246 867 Bucolicorum
2284 802 2461 867 Reli—

339 922 526 1004 quiae.
622 919 797 984 Tom.
846 915 896 983 Ι.
946 919 1075 995 89).
1170 915 1404 981 Omnes
1466 919 1600 981 fere
1650 918 1919 982 editores
1966 921 2349 984 recentiores
2396 920 2463 983 in

338 1037 458 1102 hoc
504 1037 592 1101 id.
639 1036 873 1099 formas
904 1034 1145 1098 ionicas
1177 1034 1279 1100 vel
1312 1034 1524 1117 epicas
1557 1035 1792 1118 ubique
1824 1036 2239 1100 restituerunt
2269 1036 2462 1100 etiam

339 1153 419 1216 iis
488 1153 660 1230 lociS‚
730 1150 841 1216 ubi
886 1151 1161 1234 optimus
1206 1150 1476 1235 quisque
1524 1151 1724 1215 codex
1773 1151 2019 1215 doricas
2067 1153 2262 1216 tenet.
2360 1152 2464 1216 Ex

338 1268 415 1330 iis
463 1268 863 1347 editionibuS,
900 1269 1055 1350 ‘quae
1105 1265 1262 1330 mihi
1308 1270 1541 1350 praesto
1587 1267 1865 1347 fuerunt,
1900 1290 2026 1330 una
2061 1304 2142 1312 —-
2178 1266 2457 1352 Ziegleri

338 1383 477 1446 dico
527 1419 607 1428 -—
655 1383 889 1448 multas
938 1382 1183 1447 doricas
1231 1382 1467 1446 formas
1517 1405 1550 1446 e
1599 1383 1919 1447 codicibus
1967 1383 2229 1467 recepit,
2264 1384 2355 1447 ita
2387 1386 2458 1448 ut

332 1499 560 1563 miram
629 1521 780 1563 sane
851 1499 1130 1583 speciem
1198 1499 1487 1582 praebere
1554 1498 1717 1563 mihi
1785 1500 2078 1564 videatur
2151 1499 2458 1564 dialectus

330 1615 524 1698 hujus
575 1615 896 1693 carminis,
944 1615 1131 1698 quale
1182 1614 1350 1697 apud
1382 1614 1748 1699 Zieglerum
1782 1617 2013 1679 exstat.
2108 1614 2297 1679 Haud
2328 1615 2460 1679 scio

334 1754 414 1794 an
464 1730 876 1796 Fritzsche'l.
926 1752 978 1794 c.
1028 1731 1379 1795 375—378
1429 1731 1663 1814 ubique
1705 1732 1851 1815 jure
1898 1730 2250 1822 restituerit
2294 1731 2457 1794 ioni-

333 1868 474 1912 cam
519 1846 623 1911 vel
670 1848 917 1931 epicam
965 1847 1328 1913 dialectum.

544 1959 619 2025 In
665 1963 792 2027 idd.
843 1961 1421 2042 XXVIII--XXX,
1457 1985 1598 2047 quae
1632 1965 1779 2027 sunt
1810 1964 2093 2027 carmina
2127 1963 2455 2043 amatoria,

329 2079 554 2143 aeolica
602 2079 969 2143 dominatur
1016 2079 1343 2144 dialectuS.

476 2249 483 2258 ,
541 2195 642 2259 Ex
690 2195 1077 2260 carminibus
1124 2194 1518 2259 Theocriteis
1565 2195 1695 2259 idd.
1745 2194 1868 2259 XV
1916 2198 1981 2258 et
2026 2192 2217 2260 XXII
2257 2196 2454 2279 potis-

328 2311 558 2376 simum
627 2311 815 2397 elegi,
880 2312 957 2375 de
1003 2334 1271 2395 quorum
1318 2311 1590 2375 dialecto
1638 2313 1993 2375 accuratius
2042 2312 2452 2394 disputarem,

331 2426 566 2509 quippe
637 2449 903 2514 quorum
972 2430 1309 2511 utrumque
1378 2428 1445 2490 in
1513 2449 1627 2490 suo
1684 2448 1916 2511 genere
1965 2423 2239 2490 maxime
2288 2431 2455 2491 esset

332 2542 603 2627 insigne.
695 2539 770 2606 In
834 2544 1090 2607 mimico
1160 2544 1438 2607 carmine
1507 2541 1633 2606 XV
1701 2544 2128 2626 componendo
2196 2546 2451 2626 poetam

332 2661 477 2721 ante
525 2659 738 2723 oculos
784 2658 1081 2724 habuisse
1130 2658 1477 2743 Sophronis
1523 2659 1808 2737 mimum,
1858 2659 2035 2723 cuius
2081 2658 2304 2723 titulus
2351 2681 2451 2722 es-

328 2776 426 2836 set
472 2775 568 2835 ταὶ
614 2774 880 2857 θάμεναι
929 2776 1002 2836 τὰ
1049 2771 1328 2857 Ἴσθμια,
1379 2796 1457 2838 ex
1502 2774 1604 2837 his
1653 2775 2016 2860 argumenti
2064 2775 2261 2859 graeci
2306 2796 2450 2839 ver-

327 2889 424 2954 bis
469 2890 684 2954 videre
738 2891 922 2955 licet:
989 2885 1341 2971 παρέπλασε
1391 2889 1456 2951 δὲ
1503 2891 1568 2952 τὸ
1616 2893 1968 2974 ποιημάτιον
2024 2886 2095 2951 ἐκ
2139 2898 2249 2951 τῶν
2281 2891 2448 2971 παρὰ

327 3000 595 3090 Σώφρονι
641 3002 924 3090 θαμένων
973 3008 1047 3067 τὰ
1100 3002 1378 3089 ”leffium
1458 3005 1706 3070 Primas
1759 3012 1974 3090 partes
2007 3008 2207 3090 agunt
2237 3004 2451 3090 Gorgo

330 3122 394 3184 et
439 3119 773 3201 Praxinoa,
822 3122 1116 3186 mulieres
1164 3121 1598 3205 Syracusanae.

540 3233 635 3302 Id.
693 3235 882 3304 XXII
930 3242 1026 3302 est
1071 3238 1343 3322 hymnus
1406 3238 1472 3301 in
1518 3238 1876 3303 DioscurOS.
1971 3237 2074 3302 Ad
2122 3238 2447 3321 exemplar

323 3352 703 3437 hymnorum
750 3352 1252 3434 Homericorum‚
1302 3355 1411 3439 qui
1450 3358 1774 3433 vocantur,
1821 3354 2285 3418 conformatum
2331 3358 2443 3419 est.

324 3469 743 3546 Baumeister,
811 3470 922 3554 qui
971 3470 1255 3555 Hymnos
1302 3470 1677 3535 Homericos
1723 3470 1957 3554 Lipsiae
2009 3472 2179 3535 1860
2228 3471 2445 3550 edidit,

327 3607 386 3668 p.
437 3557 562 3651 369
610 3605 742 3670 seq.
791 3586 859 3650 in
907 3587 1313 3651 adnotatione
1363 3588 1442 3650 ad
1487 3586 1795 3672 hymnum
1841 3583 2144 3666 XXXIII,
2193 3585 2304 3670 qui
2335 3581 2445 3655 Εἷς

328 3696 730 3783 Διοσκοὺρους
774 3703 1162 3782 inscribitur,
1211 3702 1350 3767 haec
1395 3707 1645 3768 monet:
1720 3725 1957 3786 „neque
2004 3702 2211 3765 minus
2260 3702 2442 3767 dubi-

327 3816 449 3879 tari
494 3821 720 3900 potest,
770 3819 924 3902 quin
971 3820 1375 3883 obversatum
1406 3819 1490 3882 sit
1521 3817 1859 3883 Theocrito
1891 3819 1956 3884 in
1990 3818 2443 3882 conscribendo

326 3932 602 3995 carmine
671 3932 881 4014 XXII,
952 3936 1120 4019 quod
1189 3957 1382 4018 quum
1454 3939 1654 3999 totum
1702 3938 1990 3999 versetur
2035 3935 2102 3998 in
2147 3934 2442 3999 laudibus

320 4046 795 4131 Dioscurorum,
855 4051 921 4114 in
982 4051 1304 4134 prooemio
1352 4054 1522 4114 certe
1570 4051 1857 4134 proxime
1905 4051 2151 4115 accedit
2197 4051 2276 4115 ad
2323 4049 2442 4116 hoc
