3109 4859
1199 336 1590 400 -125—

334 517 547 582 Kunst
613 522 918 601 quantam
987 539 1049 600 p.
1122 517 1226 594 64,
1297 515 1406 579 ubi
1475 515 1613 599 ipse
1684 537 1759 577 ea
1819 513 2123 579 laudavit.
2214 511 2454 579 Videa-

331 657 469 698 mus
508 634 558 716 ¹)
610 656 753 719 quae
799 634 867 697 in
913 633 1279 697 universum
1327 633 1493 715 apud
1542 630 1946 710 Theocritum
1982 631 2065 694 sit
2095 623 2258 695 ratio
2288 632 2456 696 inter

332 751 817 835 productionum
859 753 922 814 et
955 750 1440 831 correptionum,
1475 749 1550 811 de
1586 747 1814 832 quibus
1848 748 1974 832 egi,
2009 748 2452 832 frequentiam.

331 866 537 952 Quum
590 869 844 933 brevem
892 852 1175 935 vocalem
1221 865 1476 929 finalem
1524 864 1765 947 excipit
1804 865 2179 929 vocabulum
2213 890 2249 929 a
2278 870 2456 931 muta

330 1006 478 1048 cum
547 984 657 1067 liq.
728 984 1058 1067 incipienS,
1121 983 1187 1046 in
1233 981 1401 1045 thesi
1448 982 1894 1065 productiones
1942 981 2277 1048 exhibent:
2325 984 2453 1049 idd.

330 1103 477 1165 buc.
554 1102 656 1178 55,
729 1100 855 1165 idd.
927 1099 1102 1163 mim.
1175 1100 1279 1177 19,
1328 1098 1454 1162 idd.
1505 1120 1605 1182 ep.
1658 1100 1770 1175 723
1818 1097 1887 1161 in
1933 1098 2085 1163 arsi:
2136 1099 2263 1163 idd.
2317 1100 2456 1166 buc.

330 1217 393 1295 4,
442 1217 578 1280 idd.
624 1216 796 1279 mim.
847 1218 906 1294 5,
956 1215 1083 1279 idd.
1121 1237 1220 1297 ep.
1257 1216 1326 1292 23
1377 1214 1807 1298 correptiones
1839 1214 1907 1277 in
1930 1205 2100 1280 arsi:
2149 1216 2277 1279 idd.
2315 1218 2453 1281 buc.

331 1334 438 1413 47,
491 1333 621 1396 idd.
671 1332 841 1395 mim.
894 1333 997 1410 27,
1048 1331 1175 1394 idd.
1225 1352 1326 1412 ep.
1377 1332 1479 1394 84.
1534 1367 1615 1375 --
1665 1330 1894 1394 Mediis
1940 1331 2009 1393 in
2056 1332 2315 1397 vocibus
2361 1333 2454 1397 le-

331 1452 576 1533 guntur
644 1446 1090 1532 productiones
1161 1446 1224 1509 in
1273 1445 1467 1510 thesi:
1539 1447 1667 1510 idd.
1717 1448 1859 1511 buc.
1911 1448 2056 1527 133,
2095 1447 2233 1513 idd.
2281 1449 2453 1515 mim.

334 1566 439 1643 81,
515 1565 645 1628 idd.
718 1586 815 1647 ep.
867 1565 1023 1640 265;
1094 1563 1162 1625 in
1211 1562 1364 1626 arsi:
1426 1562 1554 1628 iad.
1606 1564 1745 1627 buc.
1797 1564 1901 1642 31,
1949 1563 2076 1626 iad.
2126 1537 2299 1628 mim}
2354 1566 2455 1646 11,

330 1683 461 1746 iad.
502 1704 614 1764 ep.
667 1683 783 1758 633
834 1679 1262 1761 correptiones
1310 1678 1375 1741 in
1423 1655 1582 1742 arsi:
1632 1678 1760 1742 ida.
1805 1680 2462 1762 buc..40‚id‹1.mim‚

332 1800 439 1877 46,
490 1797 620 1860 idd.
673 1819 770 1879 ep.
824 1798 927 1860 80.
1023 1791 1100 1858 In
1147 1769 1393 1857 summa
1439 1793 1641 1878 igitur
1686 1793 2097 1862 inveniuntur

467 1916 537 1977 in
585 1913 712 1977 idd.
762 1912 964 1977 bucol.
1017 1913 1143 1974 223
1191 1910 1665 1994 productiones:
1716 1911 1797 1975 87
1894 1914 2345 1996 correptiones»,

638 2081 661 2108 „
760 2029 936 2093 mim.
1020 2029 1143 2091 116
1416 2078 1439 2106 ,,
1652 2050 1667 2091 z
1721 2029 1801 2091 73

638 2197 661 2226 „
761 2167 857 2227 ep.
1019 2145 1145 2207 402
1417 2195 1441 2223 „
1654 2166 1667 2207 ε
1723 2144 1847 2209 164

333 2264 568 2346 quibus
613 2261 892 2325 numeris
942 2260 1021 2323 ad
1068 2261 1557 2324 centesimarum
1606 2261 1916 2324 rationem
1948 2262 2259 2325 revocatis
2292 2261 2456 2326 hanc

332 2379 587 2462 praebet
633 2375 870 2440 tabella
915 2376 1222 2458 speciem:

1727 2537 2166 2621 Correptiones

689 2707 973 2772 bucolica
1313 2710 1392 2771 72
1425 2707 1500 2785 ⁰lo
1555 2767 1560 2774 .
1850 2711 1929 2773 28
1963 2708 2039 2788 0Ιο
2075 2743 2082 2754 ·

687 2887 942 2950 mimica
1309 2888 1385 2950 61
1423 2883 1498 2967 ⁰lo
1853 2890 1935 2953 39
1968 2888 2043 2963 ⁰lo

690 3067 871 3149 epica
1053 3148 1055 3151 Α
1312 3067 1388 3130 71
1427 3066 1501 3145 0,ιό
1854 3069 1937 3132 29
1970 3067 2043 3146 ⁰lo

557 3224 674 3300 Qui
746 3228 993 3291 numeri
1063 3228 1114 3290 si
1188 3232 1636 3311 comparantur
1702 3251 1844 3291 cum
1892 3229 2127 3291 tabulis
2177 3229 2258 3292 ab
2309 3228 2461 3291 Hei-

341 3365 517 3407 mero
565 3340 812 3419 (Studia
858 3342 1195 3406 Pindarica
1245 3344 1394 3420 104)
1430 3343 1783 3426 descriptiS,
1820 3347 2087 3426 apparet
2118 3343 2462 3407 Pindarum

348 3495 427 3502 ——
478 3459 587 3542 qui
657 3459 943 3521 ducentis
1014 3462 1076 3522 et
1143 3459 1412 3543 triginta
1482 3458 1616 3522 fere
1686 3459 1868 3522 annis
1940 3462 2084 3522 ante
2142 3457 2465 3523 Theocriti

222 3599 245 3614 ⁸
347 3579 599 3639 aetatem
659 3575 940 3638 carmina
988 3575 1360 3658 conscripsit
1408 3612 1486 3619 -—
1546 3576 1799 3639 omnino
1858 3575 2089 3659 saepius
2137 3575 2463 3638 admisisse

349 3693 792 3774 correptioneS,
841 3713 1031 3773 quam
1079 3691 1234 3754 fecit
1279 3689 1657 3754 Theocritus
1702 3691 1768 3758 in
1802 3675 2188 3754 carminibus
2222 3690 2463 3756 bucoli-

567 3840 605 3908 ¹)
646 3841 920 3904 Numeris,
977 3860 1112 3910 quos
1168 3842 1413 3902 afferam,
1470 3842 1643 3896 etiam
1701 3859 1767 3897 ea
1812 3859 1991 3912 pauca
2030 3841 2284 3910 exempla
2322 3858 2465 3894 com-

347 3930 576 3997 plectar,
616 3950 737 3999 quae
776 3932 834 3985 in
872 3932 1284 4001 perscrutandis
1330 3931 1446 3993 XV,
1485 3932 1683 3996 XVIII,
1724 3932 1895 3994 XVII,
1934 3931 2088 3984 XXII
2126 3930 2465 3984 carminibus

349 4019 538 4074 omisit
574 4021 770 4075 Kunst.

41 4207 1783 4853 ζῇ*
