3109 4859
1262 374 1564 437 ——27—

562 550 826 616 Duobus
887 554 1133 616 kantum
1176 550 1329 616 locis
1376 551 1651 634 optimus
1697 551 1960 636 quisque
2009 551 2208 616 codex
2253 571 2292 636 η
2338 574 2463 636 pro

350 689 392 730 α
446 666 738 733 exhibet:
803 660 953 750 αὐτῇ
976 667 1038 750 ,1)
1099 690 1160 732 v.
1221 669 1281 748 2,
1341 661 1525 752 αὐτῆς
1573 691 1628 733 v.
1683 669 1842 747 131;
1909 668 2020 734 sed
2073 667 2173 733 his
2220 690 2466 753 quoque

350 784 508 849 locis
556 804 596 845 α
641 783 1046 848 scribendum
1090 786 1266 867 puto.

562 899 706 965 Huc
751 899 960 965 refero
1005 899 1401 982 περονατρίδα
1447 924 1504 965 v.
1555 902 1660 980 21,
1710 879 2099 985 ἐμᾶτερόναμα
2130 924 2189 966 v.
2223 902 2328 982 34,
2361 922 2467 964 πε-

351 1017 662 1099 ρονάματα
692 1015 742 1093 2)
788 1038 847 1081 v.
899 1016 1001 1096 79,
1051 1038 1191 1100 quae
1232 1017 1540 1083 vocabula
1573 1040 1610 1080 a
1641 1018 1861 1098 subst.,
1894 1017 2062 1100 quod
2095 1020 2190 1082 est
2221 1020 2463 1103 περόνη,

350 1134 692 1198 derivando
740 1136 879 1197 orta
926 1135 1092 1198 sunt.
2087 1109 2096 1118 .
2457 1135 2468 1146 '

560 1247 890 1314 Accedunt
959 1249 1281 1329 adverbia,
1352 1271 1492 1346 quae
1562 1272 1694 1342 pro·
1735 1252 1949 1315 vetere
1996 1249 2465 1315 instrumentali

351 1383 499 1429 casu
566 1365 867 1448 stirpium
928 1387 1044 1449 per
1091 1386 1132 1426 α
1179 1366 1544 1430 exeuntium
1588 1366 1885 1432 habenda
1929 1370 2109 1431 sunt:
2173 1361 2358 1428 ταῦτᾶ
2402 1390 2462 1432 v.

352 1482 452 1563 18,
510 1490 595 1543 πᾶ
653 1504 713 1545 v.
773 1483 879 1561 33,
938 1504 1206 1565 quorum
1252 1482 1331 1546 ad
1378 1481 1739 1566 exemplum
1784 1504 1900 1566 per
1946 1482 2305 1568 analogiam
2352 1484 2465 1547 fio-

344 1600 481 1661 tum
527 1601 622 1663 est
670 1597 1060 1677 adverbium,
1110 1598 1276 1682 quod
1323 1601 1418 1663 est
1463 1608 1658 1661 παντᾶ
1702 1622 1761 1664 v.
1813 1601 1849 1663 6
1899 1597 2069 1682 (bis).
2164 1598 2275 1664 Cfr
2330 1597 2463 1664 Gu-

348 1717 488 1779 sbav
532 1714 775 1798 Meyer,
825 1712 1078 1779 Grieoh.
1129 1712 1546 1792 Grammatik,
1597 1714 1717 1779 Ed.
1765 1712 1852 1781 ΙΙ.
1898 1737 1962 1799 Ρ.
2013 1715 2160 1781 365.

1241 1854 1336 1923 Id.
1383 1854 1573 1932 XXII

342 1991 707 2084 hujusmodi
775 1998 1068 2085 exempla
1133 2000 1379 2084 praebet
1448 1999 1619 2064 haeo:
1693 1999 2193 2082 λιπαρὰ-γαλάνα
2245 2024 2307 2065 v.
2359 2002 2462 2082 19,

342 2116 466 2176 θεά
524 2129 585 2180 v.
647 2116 795 2196 116,
841 2112 1020 2185 Ἴδας
1063 2138 1164 2181 vv.
1217 2117 1363 2197 140,
1415 2117 1564 2199 173,
1618 2118 1764 2197 199,
1813 2118 1961 2195 208,
2010 2116 2212 2178 πολλά
2256 2117 2354 2182 bis
2400 2140 2460 2182 v.

346 2232 493 2312 156,
563 2228 812 2314 Σπάρτα
866 2243 927 2298 v.
995 2233 1143 2313 156,
1194 2229 1502 2315 Ἀρκαδία
1545 2256 1605 2297 v.
1661 2232 1806 2313 157,
1855 2227 2152 2302 Μεσσάνα
2199 2256 2259 2297 v.
2312 2234 2461 2315 158,

328 2344 501 2409 ’ἀκτά
544 2370 605 2413 v.
656 2348 803 2428 158,
850 2346 1074 2431 κραδία
1119 2372 1177 2413 v.
1232 2350 1379 2424 171,
1414 2343 1792 2430 Τυνδαρίδας
1821 2371 1881 2415 v.
1914 2350 2078 2428 2023
2120 2344 2462 2432 Τυνδαρίδα

344 2486 404 2528 v.
468 2465 613 2544 136,
670 2464 865 2526 πὺκτα
928 2486 988 2529 v.
1059 2466 1214 2544 132;
1278 2465 1492 2527 κοίλαν
1546 2489 1609 2530 v.
1661 2466 1762 2545 12,
1809 2467 2035 2547 κράναν
2081 2487 2138 2530 v.
2190 2466 2294 2547 37,
2342 2468 2461 2548 μά-

240 2593 255 2606 “
343 2599 463 2662 χαν
509 2602 567 2643 v.
619 2582 719 2660 90,
768 2582 997 2663 πράταν
1058 2604 1115 2645 v.
1185 2582 1332 2660 184,
1383 2579 1575 2664 ἄκραν
1622 2604 1679 2647 v.
1734 2583 1879 2659 196,
1930 2581 2155 2644 στάλαν
2202 2604 2260 2646 v.
2310 2569 2458 2661 207,
2541 2563 2544 2566 ⁵

343 2698 556 2757 τυκτάν
601 2719 658 2761 v.
711 2697 866 2776 210;
916 2692 1093 2779 ἑτέρα
1140 2720 1197 2762 v.
1249 2698 1397 2778 120,
1446 2708 1623 2779 γενεᾷ
1668 2720 1728 2763 v.
1766 2698 1913 2778 183,
1948 2694 2170 2780 Ἑλένα
2199 2721 2259 2763 v.
2293 2698 2452 2778 216;

339 2807 557 2897 Λήδας
623 2836 725 2878 vv.
775 2814 833 2893 1,
897 2814 1046 2894 214,
1095 2809 1460 2899 ἐφερποίσας
1506 2837 1565 2879 v.
1617 2815 1719 2895 15,
1768 2823 1911 2897 μιᾶς
1956 2836 2016 2880 v.
2066 2816 2170 2895 30,
2220 2810 2457 2898 μέσσας

338 2950 399 2991 v.
452 2928 608 3008 104;
660 2929 985 3011 πρῴραθεν
1032 2952 1092 2995 v.
1144 2931 1245 2994 11.

558 3159 593 3222 ¹)
632 3157 767 3229 αὐτῇ
806 3178 851 3216 6.
888 3178 941 3231 Ρ.
989 3161 1043 3215 k.
1091 3161 1215 3216 Ald.
1254 3162 1399 3215 Iunt.
1438 3161 1608 3231 Ziegl.
1650 3157 1912 3232 Fructbffl]
1952 3161 2096 3217 Med.
2137 3160 2277 3216 Call.
2318 3157 2453 3230 αὐτᾷ

338 3249 603 3304 Wintert.
658 3249 826 3305 Mein.
880 3250 992 3304 Hil.
1050 3247 1195 3302 αὖτεῖ
1230 3251 1362 3305 Ahr.
1436 3250 1496 3305 Si
1533 3241 1757 3305 omnino
1796 3249 2121 3306 adverbium
2158 3251 2454 3321 legendum

335 3342 438 3402 est,
477 3335 612 3390 αὒτᾶ
651 3337 738 3406 (--
777 3339 905 3407 11116)
943 3357 1110 3409 quam
1149 3336 1293 3391 αὔτεῖ
1330 3338 1416 3408 (=
1456 3339 1570 3409 hio)
1611 3339 1848 3395 seribere
1883 3339 2094 3394 malim.
2169 3340 2275 3396 Sed
2300 3341 2450 3395 haud

336 3428 450 3483 scio
500 3423 578 3483 'an
632 3446 792 3483 verus
847 3429 1069 3485 dativus
1118 3426 1252 3497 αὐτᾷ
1287 3430 1393 3490 hoo
1428 3431 1550 3485 loeo
1590 3430 1722 3485 ferri
1757 3429 1950 3500 possit.
2026 3430 2106 3484 De
2143 3429 2358 3500 origine
2396 3434 2453 3486 et

336 3517 656 3587 significatu
717 3518 1105 3575 adverbiorum
1164 3519 1225 3573 in
1284 3520 1398 3575 dor.
1462 3538 1516 3582 α,
1572 3519 1812 3575 iou-att.
1871 3538 1910 3589 η
1951 3519 2269 3576 exeuntium
2323 3519 2450 3575 vide

337 3607 502 3663 infra.

554 3696 594 3765 ⁹)
634 3695 965 3767 περνεύματα
1012 3717 1083 3768 Ρ.,
1116 3679 1435 3769 ’χέρνάματα
1474 3700 1564 3754 vel
1603 3698 1947 3769 χερονάματα
1985 3699 2282 3764 Hermann,
2323 3716 2451 3769 χερ-

339 3783 555 3856 νήματα
592 3787 679 3841 Fr.
716 3787 885 3843 Mein.
923 3806 977 3857 p.
1018 3788 1149 3842 305:
1171 3789 1477 3854 ·„Fortasse
1516 3786 1861 3859 περονὰματα
1887 3788 2030 3842 1111111
2058 3790 2142 3844 est
2166 3786 2277 3842 nisi
2301 3789 2453 3843 mala

338 3875 587 3931 evanidae
641 3876 792 3932 vocis
840 3894 874 3932 a
917 3881 1085 3948 poeta
1134 3877 1371 3948 scriptae,
1427 3897 1593 3947 quam
1633 3875 1952 3948 ποικίλματα
1989 3878 2080 3933 vel
2118 3873 2452 3947 δαιδάλματα

335 3965 428 4019 vel
482 3965 790 4036 τεχνάματα
846 3966 1015 4023 fuisse
1069 3967 1338 4037 suspicari
1393 3967 1544 4034 lieet,
1585 3967 1898 4024 correctio.⁴‘
1941 3965 2268 4037 τεχνάματα,
2305 3967 2452 4037 quod

330 4054 551 4110 Hillero
587 4057 870 4126 probatur,
909 4056 1049 4111 mihi
1087 4057 1251 4113 valde
1286 4056 1491 4128 placet.
