<?xml version="1.0" encoding="UTF-8"?>
<!DOCTYPE html PUBLIC "-//W3C//DTD XHTML 1.0 Transitional//EN"
    "http://www.w3.org/TR/xhtml1/DTD/xhtml1-transitional.dtd">
<html xmlns="http://www.w3.org/1999/xhtml" xml:lang="en" lang="en">
 <head>
  <title>
</title>
<meta http-equiv="Content-Type" content="text/html;charset=utf-8" />
  <meta name='ocr-system' content='tesseract 3.04.00' />
  <meta name='ocr-capabilities' content='ocr_page ocr_carea ocr_par ocr_line ocrx_word'/>
</head>
<body>
  <div class='ocr_page' id='page_1' title='image "./studiatheocrite00wintgoog_0080.png"; bbox 0 0 3109 4859; ppageno 0'>
   <div class='ocr_carea' id='block_1_1' title="bbox 1539 347 1954 424">
    <p class='ocr_par' dir='ltr' id='par_1_1' title="bbox 1539 347 1954 424">
     <span class='ocr_line' id='line_1_1' title="bbox 1539 347 1954 424; baseline -0.002 0"><span class='ocrx_word' id='word_1_1' title='bbox 1539 347 1954 424; x_wconf 79' lang='lat'>&#39;-70-—</span> 
     </span>
    </p>
   </div>
   <div class='ocr_carea' id='block_1_2' title="bbox 724 539 2841 973">
    <p class='ocr_par' dir='ltr' id='par_1_2' title="bbox 724 539 2841 973">
     <span class='ocr_line' id='line_1_2' title="bbox 724 539 2838 622; baseline 0 -18"><span class='ocrx_word' id='word_1_2' title='bbox 724 541 973 604; x_wconf 86' lang='lat' dir='ltr'><strong>redibat</strong></span> <span class='ocrx_word' id='word_1_3' title='bbox 1039 542 1224 604; x_wconf 85' lang='lat' dir='ltr'><strong>term.</strong></span> <span class='ocrx_word' id='word_1_4' title='bbox 1280 559 1464 611; x_wconf 82' lang='grc' dir='ltr'>-εσσι,</span> <span class='ocrx_word' id='word_1_5' title='bbox 1514 560 1637 622; x_wconf 91' lang='lat' dir='ltr'><strong>quo</strong></span> <span class='ocrx_word' id='word_1_6' title='bbox 1685 539 1925 604; x_wconf 83' lang='lat' dir='ltr'><strong>factum</strong></span> <span class='ocrx_word' id='word_1_7' title='bbox 1974 542 2088 616; x_wconf 88' lang='lat' dir='ltr'><strong>est,</strong></span> <span class='ocrx_word' id='word_1_8' title='bbox 2138 542 2215 604; x_wconf 84' lang='lat' dir='ltr'><strong>ut</strong></span> <span class='ocrx_word' id='word_1_9' title='bbox 2256 540 2594 606; x_wconf 81' lang='lat' dir='ltr'><strong>exsisteret</strong></span> <span class='ocrx_word' id='word_1_10' title='bbox 2640 542 2838 605; x_wconf 84' lang='lat' dir='ltr'><strong>forma</strong></span> 
     </span>
     <span class='ocr_line' id='line_1_3' title="bbox 726 652 2834 744; baseline 0.002 -28"><span class='ocrx_word' id='word_1_11' title='bbox 726 652 1016 719; x_wconf 75' lang='grc' dir='ltr'><strong>ὲπέ-εσσι.</strong></span> <span class='ocrx_word' id='word_1_12' title='bbox 1111 655 1321 721; x_wconf 86' lang='lat' dir='ltr'><strong>Term.</strong></span> <span class='ocrx_word' id='word_1_13' title='bbox 1368 675 1460 717; x_wconf 83' lang='grc' dir='ltr'><strong>-σι</strong></span> <span class='ocrx_word' id='word_1_14' title='bbox 1510 677 1590 719; x_wconf 82' lang='lat' dir='ltr'><strong>ex</strong></span> <span class='ocrx_word' id='word_1_15' title='bbox 1633 664 1783 744; x_wconf 73' lang='lat' dir='ltr'><strong>-oft</strong></span> <span class='ocrx_word' id='word_1_16' title='bbox 1830 658 2037 720; x_wconf 85' lang='lat' dir='ltr'><strong>ortam</strong></span> <span class='ocrx_word' id='word_1_17' title='bbox 2085 679 2220 721; x_wconf 85' lang='lat' dir='ltr'><strong>esse</strong></span> <span class='ocrx_word' id='word_1_18' title='bbox 2267 679 2433 722; x_wconf 85' lang='lat' dir='ltr'><strong>nunc</strong></span> <span class='ocrx_word' id='word_1_19' title='bbox 2464 658 2598 726; x_wconf 80' lang='lat' dir='ltr'><strong>veri</strong></span> <span class='ocrx_word' id='word_1_20' title='bbox 2631 657 2834 721; x_wconf 86' lang='lat' dir='ltr'><strong>simile</strong></span> 
     </span>
     <span class='ocr_line' id='line_1_4' title="bbox 725 771 2841 859; baseline 0.001 -24"><span class='ocrx_word' id='word_1_21' title='bbox 725 795 849 836; x_wconf 91' lang='lat' dir='ltr'><strong>non</strong></span> <span class='ocrx_word' id='word_1_22' title='bbox 893 772 1144 837; x_wconf 84' lang='lat' dir='ltr'><strong>videtur</strong></span> <span class='ocrx_word' id='word_1_23' title='bbox 1191 772 1602 857; x_wconf 85' lang='lat' dir='ltr'><strong>Brugmanno</strong></span> <span class='ocrx_word' id='word_1_24' title='bbox 1648 771 1929 850; x_wconf 83' lang='lat' dir='ltr'><strong>(Griech.</strong></span> <span class='ocrx_word' id='word_1_25' title='bbox 1970 771 2185 838; x_wconf 88' lang='lat' dir='ltr'><strong>Gram.</strong></span> <span class='ocrx_word' id='word_1_26' title='bbox 2221 776 2350 850; x_wconf 87' lang='lat'>63).</span> <span class='ocrx_word' id='word_1_27' title='bbox 2445 774 2841 859; x_wconf 78' lang='lat' dir='ltr'><strong>Bragmanni</strong></span> 
     </span>
     <span class='ocr_line' id='line_1_5' title="bbox 726 887 2423 973; baseline 0.002 -21"><span class='ocrx_word' id='word_1_28' title='bbox 726 889 1111 952; x_wconf 82' lang='lat' dir='ltr'><strong>sententiam</strong></span> <span class='ocrx_word' id='word_1_29' title='bbox 1159 888 1487 972; x_wconf 84' lang='lat' dir='ltr'><strong>amplexus</strong></span> <span class='ocrx_word' id='word_1_30' title='bbox 1537 891 1634 953; x_wconf 87' lang='lat' dir='ltr'><strong>est</strong></span> <span class='ocrx_word' id='word_1_31' title='bbox 1680 887 1753 953; x_wconf 87' lang='lat' dir='ltr'><strong>G.</strong></span> <span class='ocrx_word' id='word_1_32' title='bbox 1804 888 2027 973; x_wconf 82' lang='lat' dir='ltr'><strong>Meyer</strong></span> <span class='ocrx_word' id='word_1_33' title='bbox 2074 889 2223 969; x_wconf 86' lang='lat'>282,</span> <span class='ocrx_word' id='word_1_34' title='bbox 2273 892 2423 956; x_wconf 83' lang='lat'><strong>355.</strong></span> 
     </span>
    </p>
   </div>
   <div class='ocr_carea' id='block_1_3' title="bbox 730 1030 2880 2182">
    <p class='ocr_par' dir='ltr' id='par_1_3' title="bbox 731 1030 2845 1472">
     <span class='ocr_line' id='line_1_6' title="bbox 940 1030 1614 1116; baseline 0.003 -22"><span class='ocrx_word' id='word_1_35' title='bbox 940 1033 1004 1108; x_wconf 93' lang='lat'><strong>2)</strong></span> <span class='ocrx_word' id='word_1_36' title='bbox 1052 1031 1117 1095; x_wconf 93' lang='lat' dir='ltr'><strong>in</strong></span> <span class='ocrx_word' id='word_1_37' title='bbox 1162 1030 1263 1094; x_wconf 86' lang='lat' dir='ltr'><strong>his</strong></span> <span class='ocrx_word' id='word_1_38' title='bbox 1311 1031 1614 1116; x_wconf 86' lang='lat' dir='ltr'><strong>singulis:</strong></span> 
     </span>
     <span class='ocr_line' id='line_1_7' title="bbox 746 1170 2840 1270; baseline 0.003 -36"><span class='ocrx_word' id='word_1_39' title='bbox 746 1259 757 1270; x_wconf 29' lang='lat'><em>⁶</em></span> <span class='ocrx_word' id='word_1_40' title='bbox 941 1195 1013 1235; x_wconf 89' lang='grc' dir='ltr'><strong>σσ</strong></span> <span class='ocrx_word' id='word_1_41' title='bbox 1062 1197 1139 1238; x_wconf 88' lang='lat' dir='ltr'><strong>ex</strong></span> <span class='ocrx_word' id='word_1_42' title='bbox 1187 1176 1275 1257; x_wconf 69' lang='lat' dir='ltr'><strong>‘cjt</strong></span> <span class='ocrx_word' id='word_1_43' title='bbox 1325 1170 1506 1243; x_wconf 75' lang='grc' dir='ltr'>ὅσσος</span> <span class='ocrx_word' id='word_1_44' title='bbox 1553 1197 1650 1239; x_wconf 87' lang='lat' dir='ltr'><strong>vv.</strong></span> <span class='ocrx_word' id='word_1_45' title='bbox 1701 1175 1807 1252; x_wconf 91' lang='lat'><strong>44,</strong></span> <span class='ocrx_word' id='word_1_46' title='bbox 1858 1176 1960 1255; x_wconf 94' lang='grc'><strong>65,</strong></span> <span class='ocrx_word' id='word_1_47' title='bbox 2008 1170 2165 1237; x_wconf 77' lang='grc' dir='ltr'>ὅσσα</span> <span class='ocrx_word' id='word_1_48' title='bbox 2208 1198 2309 1240; x_wconf 86' lang='lat' dir='ltr'><strong>vv.</strong></span> <span class='ocrx_word' id='word_1_49' title='bbox 2360 1177 2465 1255; x_wconf 90' lang='lat'><strong>41,</strong></span> <span class='ocrx_word' id='word_1_50' title='bbox 2506 1178 2650 1251; x_wconf 85' lang='lat'>115,</span> <span class='ocrx_word' id='word_1_51' title='bbox 2701 1178 2840 1254; x_wconf 79' lang='grc'>117,</span> 
     </span>
     <span class='ocr_line' id='line_1_8' title="bbox 734 1285 2845 1376; baseline 0 -23"><span class='ocrx_word' id='word_1_52' title='bbox 734 1293 878 1370; x_wconf 85' lang='grc'>146,</span> <span class='ocrx_word' id='word_1_53' title='bbox 928 1285 1128 1354; x_wconf 85' lang='grc' dir='ltr'>πόσσω</span> <span class='ocrx_word' id='word_1_54' title='bbox 1175 1313 1231 1354; x_wconf 87' lang='lat' dir='ltr'><strong>v.</strong></span> <span class='ocrx_word' id='word_1_55' title='bbox 1284 1292 1386 1356; x_wconf 84' lang='lat'><strong>35.</strong></span> <span class='ocrx_word' id='word_1_56' title='bbox 1483 1289 1595 1354; x_wconf 85' lang='lat' dir='ltr'><strong>Cfr</strong></span> <span class='ocrx_word' id='word_1_57' title='bbox 1648 1290 1913 1355; x_wconf 85' lang='lat' dir='ltr'><strong>Meister</strong></span> <span class='ocrx_word' id='word_1_58' title='bbox 1958 1292 2153 1355; x_wconf 81' lang='lat' dir='ltr'><strong>Diall.</strong></span> <span class='ocrx_word' id='word_1_59' title='bbox 2202 1288 2252 1355; x_wconf 89' lang='lat' dir='ltr'><strong>I.</strong></span> <span class='ocrx_word' id='word_1_60' title='bbox 2306 1292 2452 1370; x_wconf 86' lang='lat'>134,</span> <span class='ocrx_word' id='word_1_61' title='bbox 2502 1291 2576 1356; x_wconf 82' lang='lat' dir='ltr'><strong>Gr.</strong></span> <span class='ocrx_word' id='word_1_62' title='bbox 2625 1292 2845 1376; x_wconf 82' lang='lat' dir='ltr'><strong>Meyer</strong></span> 
     </span>
     <span class='ocr_line' id='line_1_9' title="bbox 731 1408 877 1472; baseline 0.007 -2"><span class='ocrx_word' id='word_1_63' title='bbox 731 1408 877 1472; x_wconf 89' lang='lat'>272.</span> 
     </span>
    </p>

    <p class='ocr_par' dir='ltr' id='par_1_4' title="bbox 730 1517 2841 1839">
     <span class='ocr_line' id='line_1_10' title="bbox 941 1517 2840 1606; baseline 0.001 -20"><span class='ocrx_word' id='word_1_64' title='bbox 941 1522 1225 1606; x_wconf 86' lang='lat' dir='ltr'><strong>Simplex</strong></span> <span class='ocrx_word' id='word_1_65' title='bbox 1287 1543 1322 1584; x_wconf 87' lang='grc' dir='ltr'>σ</span> <span class='ocrx_word' id='word_1_66' title='bbox 1380 1526 1641 1586; x_wconf 86' lang='lat' dir='ltr'><strong>tuentur</strong></span> <span class='ocrx_word' id='word_1_67' title='bbox 1686 1517 1803 1583; x_wconf 77' lang='grc' dir='ltr'><strong>ὅσα</strong></span> <span class='ocrx_word' id='word_1_68' title='bbox 1848 1546 1907 1587; x_wconf 83' lang='lat' dir='ltr'><strong>v.</strong></span> <span class='ocrx_word' id='word_1_69' title='bbox 1962 1524 2107 1601; x_wconf 84' lang='lat'>112,</span> <span class='ocrx_word' id='word_1_70' title='bbox 2156 1526 2339 1605; x_wconf 77' lang='grc' dir='ltr'>μέσον</span> <span class='ocrx_word' id='word_1_71' title='bbox 2385 1547 2444 1589; x_wconf 84' lang='lat' dir='ltr'><strong>v.</strong></span> <span class='ocrx_word' id='word_1_72' title='bbox 2494 1524 2575 1587; x_wconf 89' lang='lat'><strong>27</strong></span> <span class='ocrx_word' id='word_1_73' title='bbox 2628 1522 2736 1604; x_wconf 88' lang='grc' dir='ltr'><strong>(σσ</strong></span> <span class='ocrx_word' id='word_1_74' title='bbox 2784 1523 2840 1587; x_wconf 88' lang='lat' dir='ltr'><strong>in</strong></span> 
     </span>
     <span class='ocr_line' id='line_1_11' title="bbox 733 1638 2841 1731; baseline 0.001 -31"><span class='ocrx_word' id='word_1_75' title='bbox 733 1643 955 1722; x_wconf 74' lang='grc' dir='ltr'>μέσσος</span> <span class='ocrx_word' id='word_1_76' title='bbox 1025 1663 1061 1702; x_wconf 87' lang='lat' dir='ltr'>a</span> <span class='ocrx_word' id='word_1_77' title='bbox 1129 1640 1198 1722; x_wconf 66' lang='grc' dir='ltr'><strong>θ]</strong></span> <span class='ocrx_word' id='word_1_78' title='bbox 1273 1642 1480 1702; x_wconf 87' lang='lat' dir='ltr'><strong>ortum</strong></span> <span class='ocrx_word' id='word_1_79' title='bbox 1551 1661 1687 1703; x_wconf 86' lang='lat' dir='ltr'><strong>esse</strong></span> <span class='ocrx_word' id='word_1_80' title='bbox 1750 1640 1978 1702; x_wconf 86' lang='lat' dir='ltr'><strong>docent</strong></span> <span class='ocrx_word' id='word_1_81' title='bbox 2026 1638 2199 1703; x_wconf 85' lang='lat' dir='ltr'><strong>Curt.</strong></span> <span class='ocrx_word' id='word_1_82' title='bbox 2249 1638 2521 1731; x_wconf 76' lang='lat' dir='ltr'><strong>Grundz.</strong></span> <span class='ocrx_word' id='word_1_83' title='bbox 2573 1642 2728 1720; x_wconf 88' lang='grc'>367,</span> <span class='ocrx_word' id='word_1_84' title='bbox 2777 1640 2841 1704; x_wconf 85' lang='lat' dir='ltr'><strong>L.</strong></span> 
     </span>
     <span class='ocr_line' id='line_1_12' title="bbox 730 1753 2503 1839; baseline 0 -20"><span class='ocrx_word' id='word_1_85' title='bbox 730 1756 951 1839; x_wconf 80' lang='lat' dir='ltr'><strong>Meyer</strong></span> <span class='ocrx_word' id='word_1_86' title='bbox 1000 1755 1147 1830; x_wconf 85' lang='grc'>115,</span> <span class='ocrx_word' id='word_1_87' title='bbox 1196 1753 1458 1819; x_wconf 75' lang='lat' dir='ltr'><strong>Meister</strong></span> <span class='ocrx_word' id='word_1_88' title='bbox 1502 1755 1544 1820; x_wconf 90' lang='grc'>1.</span> <span class='ocrx_word' id='word_1_89' title='bbox 1596 1777 1670 1832; x_wconf 72' lang='grc'><strong>0.,</strong></span> <span class='ocrx_word' id='word_1_90' title='bbox 1722 1754 1794 1820; x_wconf 79' lang='lat' dir='ltr'><strong>G.</strong></span> <span class='ocrx_word' id='word_1_91' title='bbox 1844 1755 2065 1838; x_wconf 87' lang='lat' dir='ltr'><strong>Meyer</strong></span> <span class='ocrx_word' id='word_1_92' title='bbox 2110 1755 2150 1818; x_wconf 89' lang='lat' dir='ltr'><strong>l.</strong></span> <span class='ocrx_word' id='word_1_93' title='bbox 2200 1777 2277 1835; x_wconf 83' lang='lat' dir='ltr'><strong>e.,</strong></span> <span class='ocrx_word' id='word_1_94' title='bbox 2329 1756 2503 1836; x_wconf 86' lang='lat'>282).</span> 
     </span>
    </p>

    <p class='ocr_par' dir='ltr' id='par_1_5' title="bbox 731 1859 2880 2182">
     <span class='ocr_line' id='line_1_13' title="bbox 944 1859 2843 1953; baseline 0.001 -19"><span class='ocrx_word' id='word_1_95' title='bbox 944 1870 1108 1946; x_wconf 80' lang='lat' dir='ltr'><strong>Quid</strong></span> <span class='ocrx_word' id='word_1_96' title='bbox 1155 1894 1303 1935; x_wconf 87' lang='lat' dir='ltr'><strong>vero</strong></span> <span class='ocrx_word' id='word_1_97' title='bbox 1351 1872 1425 1935; x_wconf 89' lang='lat' dir='ltr'><strong>de</strong></span> <span class='ocrx_word' id='word_1_98' title='bbox 1475 1892 1549 1933; x_wconf 79' lang='grc' dir='ltr'><strong>σσ</strong></span> <span class='ocrx_word' id='word_1_99' title='bbox 1596 1872 1663 1936; x_wconf 91' lang='lat' dir='ltr'><strong>in</strong></span> <span class='ocrx_word' id='word_1_100' title='bbox 1707 1859 2063 1953; x_wconf 71' lang='grc' dir='ltr'>βασίλισσὰν</span> <span class='ocrx_word' id='word_1_101' title='bbox 2095 1895 2152 1935; x_wconf 83' lang='lat' dir='ltr'><strong>v.</strong></span> <span class='ocrx_word' id='word_1_102' title='bbox 2190 1873 2272 1935; x_wconf 89' lang='lat'><strong>24</strong></span> <span class='ocrx_word' id='word_1_103' title='bbox 2306 1873 2716 1937; x_wconf 82' lang='lat' dir='ltr'><strong>statuendum</strong></span> <span class='ocrx_word' id='word_1_104' title='bbox 2748 1873 2843 1949; x_wconf 89' lang='lat' dir='ltr'><strong>sit,</strong></span> 
     </span>
     <span class='ocr_line' id='line_1_14' title="bbox 731 1987 2880 2053; baseline 0 -2"><span class='ocrx_word' id='word_1_105' title='bbox 731 2011 857 2052; x_wconf 89' lang='lat' dir='ltr'><strong>non</strong></span> <span class='ocrx_word' id='word_1_106' title='bbox 905 1990 1168 2051; x_wconf 86' lang='lat' dir='ltr'><strong>constat.</strong></span> <span class='ocrx_word' id='word_1_107' title='bbox 1264 1988 1450 2052; x_wconf 87' lang='lat' dir='ltr'>Haud</span> <span class='ocrx_word' id='word_1_108' title='bbox 1501 1989 1630 2052; x_wconf 84' lang='lat' dir='ltr'><strong>seio</strong></span> <span class='ocrx_word' id='word_1_109' title='bbox 1678 2011 1759 2051; x_wconf 87' lang='lat' dir='ltr'><strong>an</strong></span> <span class='ocrx_word' id='word_1_110' title='bbox 1805 1987 2218 2052; x_wconf 85' lang='lat' dir='ltr'><strong>alexandrina</strong></span> <span class='ocrx_word' id='word_1_111' title='bbox 2263 1992 2452 2053; x_wconf 83' lang='lat' dir='ltr'><strong>aetate</strong></span> <span class='ocrx_word' id='word_1_112' title='bbox 2500 1989 2880 2053; x_wconf 82' lang='lat' dir='ltr'><strong>formatum·</strong></span> 
     </span>
     <span class='ocr_line' id='line_1_15' title="bbox 733 2104 1253 2182; baseline 0.002 -15"><span class='ocrx_word' id='word_1_113' title='bbox 733 2104 817 2167; x_wconf 87' lang='lat' dir='ltr'><strong>sit</strong></span> <span class='ocrx_word' id='word_1_114' title='bbox 861 2105 1253 2182; x_wconf 79' lang='lat' dir='ltr'><strong>vocabulum.</strong></span> 
     </span>
    </p>
   </div>
   <div class='ocr_carea' id='block_1_4' title="bbox 1559 2244 2001 2311">
    <p class='ocr_par' dir='ltr' id='par_1_6' title="bbox 1559 2244 2001 2311">
     <span class='ocr_line' id='line_1_16' title="bbox 1559 2244 2001 2311; baseline 0.002 -2"><span class='ocrx_word' id='word_1_115' title='bbox 1559 2244 1634 2310; x_wconf 92' lang='lat' dir='ltr'><strong>In</strong></span> <span class='ocrx_word' id='word_1_116' title='bbox 1681 2247 1764 2311; x_wconf 89' lang='lat' dir='ltr'><strong>id.</strong></span> <span class='ocrx_word' id='word_1_117' title='bbox 1813 2244 2001 2310; x_wconf 94' lang='lat' dir='ltr'>XXII</span> 
     </span>
    </p>
   </div>
   <div class='ocr_carea' id='block_1_5' title="bbox 727 2389 2842 2937">
    <p class='ocr_par' dir='ltr' id='par_1_7' title="bbox 727 2389 2842 2571">
     <span class='ocr_line' id='line_1_17' title="bbox 932 2389 2842 2479; baseline 0.001 -26"><span class='ocrx_word' id='word_1_118' title='bbox 932 2389 1019 2457; x_wconf 88' lang='lat' dir='ltr'><strong>A.</strong></span> <span class='ocrx_word' id='word_1_119' title='bbox 1112 2389 1322 2454; x_wconf 86' lang='lat' dir='ltr'><strong>Term.</strong></span> <span class='ocrx_word' id='word_1_120' title='bbox 1394 2410 1541 2472; x_wconf 87' lang='grc' dir='ltr'>-μες</span> <span class='ocrx_word' id='word_1_121' title='bbox 1607 2412 1724 2479; x_wconf 86' lang='lat' dir='ltr'><strong>pro</strong></span> <span class='ocrx_word' id='word_1_122' title='bbox 1794 2410 1934 2473; x_wconf 84' lang='grc' dir='ltr'>-μεν</span> <span class='ocrx_word' id='word_1_123' title='bbox 2004 2390 2071 2453; x_wconf 91' lang='lat' dir='ltr'><strong>in</strong></span> <span class='ocrx_word' id='word_1_124' title='bbox 2129 2391 2419 2455; x_wconf 86' lang='lat' dir='ltr'><strong>omnibus</strong></span> <span class='ocrx_word' id='word_1_125' title='bbox 2479 2391 2664 2455; x_wconf 85' lang='lat' dir='ltr'><strong>libris</strong></span> <span class='ocrx_word' id='word_1_126' title='bbox 2713 2413 2842 2455; x_wconf 81' lang='lat' dir='ltr'><strong>ser-</strong></span> 
     </span>
     <span class='ocr_line' id='line_1_18' title="bbox 727 2510 1050 2571; baseline 0 -1"><span class='ocrx_word' id='word_1_127' title='bbox 727 2511 875 2570; x_wconf 80' lang='lat' dir='ltr'><strong>vata</strong></span> <span class='ocrx_word' id='word_1_128' title='bbox 923 2510 1050 2571; x_wconf 87' lang='lat' dir='ltr'><strong>est:</strong></span> 
     </span>
    </p>

    <p class='ocr_par' dir='ltr' id='par_1_8' title="bbox 936 2617 1696 2706">
     <span class='ocr_line' id='line_1_19' title="bbox 936 2617 1696 2706; baseline 0.004 -23"><span class='ocrx_word' id='word_1_129' title='bbox 936 2617 1233 2706; x_wconf 75' lang='grc' dir='ltr'>ὖμνέομες</span> <span class='ocrx_word' id='word_1_130' title='bbox 1277 2645 1378 2686; x_wconf 82' lang='lat' dir='ltr'><strong>vv.</strong></span> <span class='ocrx_word' id='word_1_131' title='bbox 1430 2623 1461 2685; x_wconf 88' lang='lat'>1</span> <span class='ocrx_word' id='word_1_132' title='bbox 1505 2622 1573 2700; x_wconf 90' lang='lat'><strong>¹),</strong></span> <span class='ocrx_word' id='word_1_133' title='bbox 1620 2623 1696 2699; x_wconf 83' lang='lat'><strong>4;</strong></span> 
     </span>
    </p>

    <p class='ocr_par' dir='ltr' id='par_1_9' title="bbox 937 2737 2653 2823">
     <span class='ocr_line' id='line_1_20' title="bbox 937 2737 2653 2823; baseline 0.002 -24"><span class='ocrx_word' id='word_1_134' title='bbox 937 2758 1044 2821; x_wconf 78' lang='grc' dir='ltr'><strong>μεν</strong></span> <span class='ocrx_word' id='word_1_135' title='bbox 1089 2738 1329 2823; x_wconf 84' lang='lat' dir='ltr'><strong>legitur</strong></span> <span class='ocrx_word' id='word_1_136' title='bbox 1374 2738 1441 2801; x_wconf 93' lang='lat' dir='ltr'><strong>in</strong></span> <span class='ocrx_word' id='word_1_137' title='bbox 1487 2737 1772 2821; x_wconf 83' lang='grc' dir='ltr'>πίθοιμεν</span> <span class='ocrx_word' id='word_1_138' title='bbox 1818 2762 1877 2803; x_wconf 83' lang='lat' dir='ltr'><strong>v.</strong></span> <span class='ocrx_word' id='word_1_139' title='bbox 1926 2740 2031 2818; x_wconf 91' lang='grc'><strong>64,</strong></span> <span class='ocrx_word' id='word_1_140' title='bbox 2081 2738 2347 2821; x_wconf 85' lang='grc' dir='ltr'>λίπωμεν</span> <span class='ocrx_word' id='word_1_141' title='bbox 2394 2762 2451 2802; x_wconf 83' lang='lat' dir='ltr'><strong>v.</strong></span> <span class='ocrx_word' id='word_1_142' title='bbox 2506 2740 2653 2803; x_wconf 87' lang='grc'>177.</span> 
     </span>
    </p>

    <p class='ocr_par' dir='ltr' id='par_1_10' title="bbox 936 2848 2332 2937">
     <span class='ocr_line' id='line_1_21' title="bbox 936 2848 2332 2937; baseline -0.001 -18"><span class='ocrx_word' id='word_1_143' title='bbox 936 2854 1154 2919; x_wconf 84' lang='lat' dir='ltr'><strong>Etiam</strong></span> <span class='ocrx_word' id='word_1_144' title='bbox 1201 2848 1493 2937; x_wconf 76' lang='grc' dir='ltr'>ὑμνὲομεν</span> <span class='ocrx_word' id='word_1_145' title='bbox 1540 2854 1607 2918; x_wconf 86' lang='grc'><strong>11.</strong></span> <span class='ocrx_word' id='word_1_146' title='bbox 1659 2876 1749 2921; x_wconf 78' lang='lat' dir='ltr'><strong>ce.</strong></span> <span class='ocrx_word' id='word_1_147' title='bbox 1798 2855 2073 2919; x_wconf 86' lang='lat' dir='ltr'><strong>scribere</strong></span> <span class='ocrx_word' id='word_1_148' title='bbox 2121 2854 2332 2919; x_wconf 85' lang='lat' dir='ltr'><strong>velim.</strong></span> 
     </span>
    </p>
   </div>
   <div class='ocr_carea' id='block_1_6' title="bbox 936 3021 2052 3108">
    <p class='ocr_par' dir='ltr' id='par_1_11' title="bbox 936 3021 2052 3108">
     <span class='ocr_line' id='line_1_22' title="bbox 936 3021 2052 3108; baseline -0.005 -18"><span class='ocrx_word' id='word_1_149' title='bbox 936 3021 1014 3090; x_wconf 93' lang='lat' dir='ltr'><strong>B.</strong></span> <span class='ocrx_word' id='word_1_150' title='bbox 1108 3022 1317 3089; x_wconf 84' lang='lat' dir='ltr'><strong>Term.</strong></span> <span class='ocrx_word' id='word_1_151' title='bbox 1366 3024 1611 3107; x_wconf 81' lang='grc' dir='ltr'>-μεσθα</span> <span class='ocrx_word' id='word_1_152' title='bbox 1656 3046 1773 3108; x_wconf 87' lang='lat' dir='ltr'><strong>pro</strong></span> <span class='ocrx_word' id='word_1_153' title='bbox 1820 3024 2052 3107; x_wconf 75' lang='grc' dir='ltr'>-μεθαε</span> 
     </span>
    </p>
   </div>
   <div class='ocr_carea' id='block_1_7' title="bbox 723 3164 2845 3834">
    <p class='ocr_par' dir='ltr' id='par_1_12' title="bbox 723 3164 2845 3603">
     <span class='ocr_line' id='line_1_23' title="bbox 938 3164 2845 3251; baseline 0.002 -25"><span class='ocrx_word' id='word_1_154' title='bbox 938 3164 1434 3251; x_wconf 71' lang='grc' dir='ltr'>μαχεσσαίμεσθ’</span> <span class='ocrx_word' id='word_1_155' title='bbox 1481 3191 1539 3231; x_wconf 83' lang='lat' dir='ltr'><strong>v.</strong></span> <span class='ocrx_word' id='word_1_156' title='bbox 1593 3167 1695 3230; x_wconf 85' lang='lat'><strong>74.</strong></span> <span class='ocrx_word' id='word_1_157' title='bbox 1752 3203 1829 3211; x_wconf 88' lang='lat'>—</span> <span class='ocrx_word' id='word_1_158' title='bbox 1877 3165 2122 3229; x_wconf 84' lang='lat' dir='ltr'><strong>Formae</strong></span> <span class='ocrx_word' id='word_1_159' title='bbox 2156 3188 2271 3249; x_wconf 90' lang='lat' dir='ltr'><strong>per</strong></span> <span class='ocrx_word' id='word_1_160' title='bbox 2304 3167 2511 3250; x_wconf 81' lang='grc' dir='ltr'>μεσθα</span> <span class='ocrx_word' id='word_1_161' title='bbox 2543 3171 2845 3233; x_wconf 87' lang='lat' dir='ltr'><strong>exeuntes</strong></span> 
     </span>
     <span class='ocr_line' id='line_1_24' title="bbox 726 3282 2842 3369; baseline 0.001 -23"><span class='ocrx_word' id='word_1_162' title='bbox 726 3283 1048 3366; x_wconf 83' lang='lat' dir='ltr'><strong>epicorum</strong></span> <span class='ocrx_word' id='word_1_163' title='bbox 1114 3287 1470 3367; x_wconf 85' lang='lat' dir='ltr'><strong>poetarum,</strong></span> <span class='ocrx_word' id='word_1_164' title='bbox 1540 3282 1852 3367; x_wconf 84' lang='lat' dir='ltr'><strong>imprimis</strong></span> <span class='ocrx_word' id='word_1_165' title='bbox 1923 3282 2207 3362; x_wconf 87' lang='lat' dir='ltr'><strong>Homeri,</strong></span> <span class='ocrx_word' id='word_1_166' title='bbox 2277 3283 2515 3369; x_wconf 85' lang='lat' dir='ltr'><strong>linguae</strong></span> <span class='ocrx_word' id='word_1_167' title='bbox 2563 3284 2842 3369; x_wconf 82' lang='lat' dir='ltr'><strong>propriae</strong></span> 
     </span>
     <span class='ocr_line' id='line_1_25' title="bbox 723 3397 2842 3482; baseline 0.001 -20"><span class='ocrx_word' id='word_1_168' title='bbox 723 3399 918 3464; x_wconf 87' lang='lat' dir='ltr'><strong>fuisse</strong></span> <span class='ocrx_word' id='word_1_169' title='bbox 988 3400 1284 3464; x_wconf 85' lang='lat' dir='ltr'><strong>videntur</strong></span> <span class='ocrx_word' id='word_1_170' title='bbox 1355 3398 1456 3481; x_wconf 74' lang='lat' dir='ltr'><strong>(Gr.</strong></span> <span class='ocrx_word' id='word_1_171' title='bbox 1526 3398 1750 3482; x_wconf 87' lang='lat' dir='ltr'><strong>Meyer</strong></span> <span class='ocrx_word' id='word_1_172' title='bbox 1823 3399 1993 3475; x_wconf 89' lang='grc'>148).</span> <span class='ocrx_word' id='word_1_173' title='bbox 2099 3398 2210 3463; x_wconf 85' lang='lat' dir='ltr'><strong>Cfr</strong></span> <span class='ocrx_word' id='word_1_174' title='bbox 2274 3399 2452 3464; x_wconf 81' lang='lat' dir='ltr'><strong>Curt.</strong></span> <span class='ocrx_word' id='word_1_175' title='bbox 2522 3398 2723 3466; x_wconf 86' lang='lat' dir='ltr'><strong>Verb.</strong></span> <span class='ocrx_word' id='word_1_176' title='bbox 2792 3397 2842 3464; x_wconf 91' lang='lat' dir='ltr'><strong>I.</strong></span> 
     </span>
     <span class='ocr_line' id='line_1_26' title="bbox 727 3514 2838 3603; baseline -0.001 -23"><span class='ocrx_word' id='word_1_177' title='bbox 727 3517 1005 3595; x_wconf 78' lang='lat'>91—-94,</span> <span class='ocrx_word' id='word_1_178' title='bbox 1054 3517 1164 3580; x_wconf 91' lang='lat' dir='ltr'><strong>ubi</strong></span> <span class='ocrx_word' id='word_1_179' title='bbox 1211 3516 1288 3579; x_wconf 87' lang='lat' dir='ltr'><strong>de</strong></span> <span class='ocrx_word' id='word_1_180' title='bbox 1336 3515 1586 3600; x_wconf 86' lang='lat' dir='ltr'><strong>origine</strong></span> <span class='ocrx_word' id='word_1_181' title='bbox 1634 3518 1698 3577; x_wconf 86' lang='lat' dir='ltr'><strong>et</strong></span> <span class='ocrx_word' id='word_1_182' title='bbox 1739 3536 1856 3578; x_wconf 90' lang='lat' dir='ltr'><strong>usu</strong></span> <span class='ocrx_word' id='word_1_183' title='bbox 1887 3514 2077 3599; x_wconf 84' lang='lat' dir='ltr'><strong>hujus</strong></span> <span class='ocrx_word' id='word_1_184' title='bbox 2109 3515 2575 3581; x_wconf 72' lang='lat' dir='ltr'><strong>terminationis</strong></span> <span class='ocrx_word' id='word_1_185' title='bbox 2608 3517 2838 3603; x_wconf 83' lang='lat' dir='ltr'><strong>agitur.</strong></span> 
     </span>
    </p>

    <p class='ocr_par' dir='ltr' id='par_1_13' title="bbox 728 3626 2839 3834">
     <span class='ocr_line' id='line_1_27' title="bbox 934 3626 2839 3722; baseline 0.001 -29"><span class='ocrx_word' id='word_1_186' title='bbox 934 3632 1138 3716; x_wconf 79' lang='grc' dir='ltr'>-μεθα</span> <span class='ocrx_word' id='word_1_187' title='bbox 1205 3654 1355 3722; x_wconf 83' lang='lat' dir='ltr'><strong>vero</strong></span> <span class='ocrx_word' id='word_1_188' title='bbox 1426 3633 1736 3714; x_wconf 87' lang='lat' dir='ltr'><strong>usurpant</strong></span> <span class='ocrx_word' id='word_1_189' title='bbox 1791 3626 2147 3717; x_wconf 80' lang='grc' dir='ltr'>δηρισὸμεθ’</span> <span class='ocrx_word' id='word_1_190' title='bbox 2194 3657 2253 3698; x_wconf 83' lang='lat' dir='ltr'><strong>v.</strong></span> <span class='ocrx_word' id='word_1_191' title='bbox 2306 3635 2408 3712; x_wconf 89' lang='lat'><strong>70,</strong></span> <span class='ocrx_word' id='word_1_192' title='bbox 2456 3626 2735 3716; x_wconf 74' lang='grc' dir='ltr'><strong>γινόμεθ’</strong></span> <span class='ocrx_word' id='word_1_193' title='bbox 2782 3654 2839 3696; x_wconf 79' lang='lat' dir='ltr'><strong>v.</strong></span> 
     </span>
     <span class='ocr_line' id='line_1_28' title="bbox 728 3744 2447 3834; baseline -0.001 -20"><span class='ocrx_word' id='word_1_194' title='bbox 728 3750 830 3827; x_wconf 93' lang='lat'><strong>74,</strong></span> <span class='ocrx_word' id='word_1_195' title='bbox 881 3744 1356 3834; x_wconf 70' lang='grc' dir='ltr'>ἐπιφραζώμεθα</span> <span class='ocrx_word' id='word_1_196' title='bbox 1399 3769 1459 3811; x_wconf 86' lang='lat' dir='ltr'><strong>v.</strong></span> <span class='ocrx_word' id='word_1_197' title='bbox 1512 3748 1660 3828; x_wconf 91' lang='grc'>166,</span> <span class='ocrx_word' id='word_1_198' title='bbox 1711 3745 2142 3833; x_wconf 69' lang='grc' dir='ltr'>διακρινώμεθ’</span> <span class='ocrx_word' id='word_1_199' title='bbox 2189 3773 2247 3814; x_wconf 83' lang='lat' dir='ltr'><strong>v.</strong></span> <span class='ocrx_word' id='word_1_200' title='bbox 2300 3749 2447 3814; x_wconf 91' lang='grc'>175.</span> 
     </span>
    </p>
   </div>
   <div class='ocr_carea' id='block_1_8' title="bbox 964 3936 1151 3943">
    <p class='ocr_par' dir='ltr' id='par_1_14' title="bbox 964 3936 1151 3943">
     <span class='ocr_line' id='line_1_29' title="bbox 964 3936 1151 3943; baseline 0 916"><span class='ocrx_word' id='word_1_201' title='bbox 964 3936 1151 3943; x_wconf 95' lang='lat' dir='ltr'><strong> </strong></span> 
     </span>
    </p>
   </div>
   <div class='ocr_carea' id='block_1_9' title="bbox 730 3938 956 3946">
    <p class='ocr_par' dir='ltr' id='par_1_15' title="bbox 730 3938 956 3946">
     <span class='ocr_line' id='line_1_30' title="bbox 730 3938 956 3946; baseline 0 913"><span class='ocrx_word' id='word_1_202' title='bbox 730 3938 956 3946; x_wconf 95' lang='lat' dir='ltr'><strong> </strong></span> 
     </span>
    </p>
   </div>
   <div class='ocr_carea' id='block_1_10' title="bbox 945 4039 2182 4112">
    <p class='ocr_par' dir='ltr' id='par_1_16' title="bbox 945 4039 2182 4112">
     <span class='ocr_line' id='line_1_31' title="bbox 945 4039 2182 4112; baseline 0.002 -16"><span class='ocrx_word' id='word_1_203' title='bbox 945 4041 982 4110; x_wconf 89' lang='lat'><strong>¹)</strong></span> <span class='ocrx_word' id='word_1_204' title='bbox 1021 4042 1229 4098; x_wconf 83' lang='lat' dir='ltr'><strong>Tamen</strong></span> <span class='ocrx_word' id='word_1_205' title='bbox 1266 4039 1525 4112; x_wconf 77' lang='grc' dir='ltr'>ὑμνὲομεν</span> <span class='ocrx_word' id='word_1_206' title='bbox 1565 4042 1624 4098; x_wconf 90' lang='lat' dir='ltr'><strong>in</strong></span> <span class='ocrx_word' id='word_1_207' title='bbox 1662 4044 1779 4100; x_wconf 85' lang='lat' dir='ltr'><strong>eod.</strong></span> <span class='ocrx_word' id='word_1_208' title='bbox 1820 4040 1868 4094; x_wconf 90' lang='lat' dir='ltr'><strong>K</strong></span> <span class='ocrx_word' id='word_1_209' title='bbox 1907 4062 2012 4100; x_wconf 83' lang='lat' dir='ltr'><strong>see.</strong></span> <span class='ocrx_word' id='word_1_210' title='bbox 2050 4044 2182 4099; x_wconf 87' lang='lat' dir='ltr'><strong>Ahr.</strong></span> 
     </span>
    </p>
   </div>
  </div>
 </body>
</html>
