3109 4859
1227 352 1572 461 4417—-

338 582 617 644 statuere
662 577 870 644 audeo
920 612 997 620 ——-
1051 575 1114 639 in
1160 569 1243 639 id.
1293 572 1483 640 XXII
1531 575 1742 659 epicas
1789 575 2027 639 formas
2059 595 2097 660 η
2131 574 2459 660 continen-

286 701 295 714 '
337 700 438 760 tes
480 696 717 778 ubique
765 693 1185 757 restituendas
1232 692 1365 757 veri
1414 692 1619 755 simile
1667 691 1823 755 mihi
1873 693 2140 756 videtur.
2201 685 2220 692 ⁵

1360 950 1446 1017 II.

343 1108 448 1173 De
495 1104 797 1173 vocibus
828 1102 1226 1183 nonnulliS,
1260 1123 1416 1190 quae
1449 1103 1670 1171 etiam
1702 1103 1777 1170 in
1809 1103 2076 1172 Doride
2109 1125 2148 1190 η
2180 1104 2459 1172 tenent.

555 1275 654 1338 Ex
701 1275 786 1339 id.
835 1273 957 1342 XV
1004 1274 1142 1339 haec
1191 1273 1387 1358 elegi:

342 1393 615 1475 θυγάτηρ
661 1415 760 1455 vv.
813 1391 917 1469 97,
971 1392 1116 1454 110.
1186 1428 1247 1435 —-
1301 1389 1615 1454 Schrader
1660 1391 1701 1455 l.
1752 1413 1803 1454 c.
1856 1392 1976 1454 281
1997 1393 2203 1455 -288
2239 1393 2459 1455 deno-

340 1508 616 1571 minibus
663 1508 888 1571 suffixo
934 1527 1042 1588 τερ,
1066 1506 1355 1570 formatis
1389 1507 1716 1589 disputans
1748 1506 2058 1591 originem
2091 1508 2460 1573 nominativi

341 1644 457 1708 τηρ
499 1626 610 1687 aut
652 1645 730 1686 ex
763 1644 872 1704 ταρ
905 1621 1143 1686 vocalis
1175 1643 1214 1683 α
1246 1623 1593 1702 mutatione
1629 1626 1738 1686 aut
1770 1645 1848 1685 ex
1880 1643 2017 1705 τερς
2048 1623 2459 1706 productione

343 1739 734 1823 suppletoria
802 1739 1142 1822 petendam
1214 1760 1350 1802 esse
1419 1739 1744 1802 contendit
1765 1719 1780 1736 ’Ἴ
1801 1737 1888 1822 (p.
1942 1738 2117 1820 282).
2211 1738 2332 1803 Sed
2382 1762 2460 1803 ex

226 1883 227 1886 ¹
346 1856 552 1939 prisco
601 1855 993 1939 aliquotepc
1039 1855 1106 1917 in
1154 1858 1265 1918 att.
1319 1854 1590 1919 dialecto
1636 1874 1759 1936 τειρ
1807 1855 1956 1918 oriri
1992 1855 2228 1928 debuit,
2264 1877 2458 1938 quare

354 1939 717 2054 „probabile
752 1993 878 2034 non
901 1970 1153 2035 videtur
1179 1971 1346 2053 apud
1370 1971 1542 2054 ipsos
1569 1969 1821 2034 Graecos
1846 1971 2163 2053 quondam
2189 1991 2326 2052 τερς
2349 1994 2460 2035 va-

244 2127 245 2134 1
340 2088 567 2151 luisse“
648 2092 734 2170 (p.
807 2088 986 2169 283).
1080 2086 1315 2151 Contra
1380 2085 1776 2166 Schererum‚
1843 2086 1953 2170 qui
2010 2088 2305 2171 „negavit
2351 2088 2461 2151 illa

340 2204 596 2267 nomina
642 2226 944 2287 umquam
990 2204 1053 2266 in
1101 2225 1266 2268 nom.
1316 2203 1478 2287 sing.
1531 2224 1563 2272 ς
1607 2203 1924 2282 habuisse,
1974 2225 2101 2266 una
2145 2203 2378 2267 vocalis
2421 2225 2463 2264 α
2541 2231 2542 2234 “

342 2320 751 2405 productione
794 2320 1253 2383 nominativum
1286 2320 1713 2404 significatum
1749 2320 2272 2384 essexcontendiff
2315 2342 2461 2403 pro·
2497 2303 2505 2308 ⁷

232 2459 239 2463 ⁴
346 2436 498 2500 bare
547 2439 811 2500 conatur
857 2434 1173 2499 Schrader
1206 2438 1393 2524 „jam
1440 2435 1648 2519 prisco
1694 2440 1995 2522 tempore,
2036 2416 2238 2500 vocali
2274 2440 2462 2499 antea
2541 2510 2546 2515 ,

345 2553 667 2635 producta,
717 2553 970 2615 literam
1018 2574 1049 2621 ς
1095 2552 1469 2616 nominativi
1519 2573 1655 2616 esse
1706 2554 2055 2636 abjectam“
2113 2551 2184 2629 (l.
2233 2557 2335 2631 c.)‚
2370 2553 2462 2615 ita

340 2673 410 2731 ut
459 2690 536 2731 ex
584 2675 745 2731 -tc‘t‘rs
792 2669 1066 2752 primum
1115 2668 1433 2732 exstiterit
1480 2675 1644 2731 -tars
1692 2668 1917 2732 deinde
1967 2675 2114 2731 -ἰᾱν,

561 2782 669 2864 „In
721 2785 924 2872 prima
973 2784 1335 2849 Graecorum
1366 2784 1588 2869 lingua
1622 2784 1877 2848 nomina
1908 2784 1972 2847 in
2008 2792 2117 2865 τᾶρ
2153 2785 2449 2848 desiisse“

338 2902 472 2965 veri
521 2901 912 2965 simillimum
953 2901 1202 2985 judicat
1249 2900 1338 2984 (p.
1389 2901 1567 2983 286).
1660 2900 1764 2965 Ad
1805 2900 2314 2964 terminationem
2350 2922 2457 2985 τηρ

314 3015 508 3099 ⁴‘quod
555 3017 802 3094 attinet,
850 3040 975 3082 non
1025 3017 1292 3091 dubitat,
1352 3018 1536 3099 „quin
1586 3020 1848 3101 propter
1888 3018 2146 3081 brevem
2180 3017 2459 3100 reliquo-

340 3154 484 3196 rum
554 3154 809 3196 casuum
876 3134 1158 3198 vocalem
1230 3155 1256 3193 ε
1328 3136 1610 3215 tempore
1658 3134 2038 3217 procedente
2086 3133 2459 3196 nominativi

338 3249 868 3331 quoque-,vocalis
915 3250 980 3313 in
1026 3270 1066 3333 η
1114 3252 1357 3312 mutata
1404 3249 1486 3312 sit
1534 3248 1656 3314 illo,
1690 3271 1916 3333 graecae
1966 3249 2201 3333 linguae
2251 3250 2460 3313 studio

339 3364 837 3429 concinnitatem
884 3366 1197 3449 quandam
1248 3366 1562 3429 vocalium
1614 3365 1927 3429 efficiendi
1975 3365 2142 3428 inter
2176 3365 2460 3447 ejusdem

336 3481 608 3545 nominis
659 3483 872 3544 casus“
930 3480 1019 3565 (p.
1071 3479 1223 3557 287)
1272 3503 1326 3545 e.
1376 3503 1434 3564 q.
1486 3504 1535 3545 a.
1589 3518 1668 3525 —
1719 3479 1839 3544 Sed
1883 3481 2038 3545 illud
2071 3481 2459 3563 reliquorum

343 3613 598 3660 casuum
671 3597 861 3661 breve
936 3619 963 3658 ε
1032 3598 1213 3691 ωιᾶε·ι
1261 3601 1462 3682 ortum
1515 3597 1599 3660 sit
1645 3601 1708 3661 et
1754 3617 1878 3680 quo
1925 3597 2111 3660 modo
2160 3618 2300 3659 cum
2347 3597 2459 3660 illo

346 3713 710 3777 nominativi
756 3707 1162 3798 primigenio,
1213 3717 1281 3777 ut
1327 3714 1436 3791 ait,
1487 3727 1526 3775 ᾱ·
1575 3713 1890 3776 cohaerere
1947 3713 2166 3796 possit,
2217 3711 2332 3776 hoc
2380 3735 2459 3775 ne

345 3828 536 3891 verbo
579 3830 834 3913 quidem
883 3829 1159 3893 ostendit
1205 3827 1537 3894 Schrader.

558 3944 788 4009 Contra
858 3945 1049 4009 Allen
1121 3945 1293 4009 Ourt.
1345 3945 1520 4010 Stud.
1573 3944 1688 4010 III.
1739 3947 1865 4008 226
1917 3954 2025 4025 trip
2075 3945 2240 4026 apud
2287 3944 2459 4026 ipsos

340 4058 596 4124 Graecos
641 4084 937 4145 umquam
988 4061 1181 4125 fuisse
1232 4084 1485 4145 prorsus
1533 4065 1747 4146 negat.
1842 4060 2055 4124 Etiam
2088 4059 2460 4144 Brugmann

2215 4184 2248 4240 2
