3109 4859
1565 430 1644 441 -
1698 392 1824 462 132
1882 389 1955 444 2-

700 573 920 656 semel,
967 574 1158 657 (voc.)
1208 557 1382 657 ἀνερς
1446 575 1666 659 (plur.)
1732 562 1944 658 ἀνέρες
1988 576 2107 640 bis.
2199 573 2403 640 Seiler
2444 574 2488 640 1.
2535 597 2592 640 c.
2646 574 2828 639 docet

701 691 1008 758 initialem
1058 692 1249 776 hujus
1309 691 1478 756 vocis
1548 690 1834 756 vocalem
1903 693 2071 776 apud
2141 691 2489 756 Homerum
2535 691 2828 775 plerum-

695 819 821 890 ‘que
892 808 1150 872 brevem
1212 829 1369 887 esse,
1431 808 1699 891 produci
1743 830 1894 872 vero
1941 808 2005 870 in
2055 804 2131 872 Il.
2177 805 2327 872 XII.
2377 810 2503 872 382
2554 804 2715 892 ἀνήρ
2766 811 2828 870 et

699 923 766 994 in
812 923 1030 987 formis
1076 924 1443 1008 trisyllabis,

912 1039 1166 1124 Ubique
1214 1042 1406 1105 breve
1455 1043 1552 1105 est
1600 1062 1640 1101 οι
1685 1041 1865 1105 verbi
1900 1035 2106 1122 ἀείρω.
2143 1077 2223 1086 -—-
2258 1040 2356 1105 De
2392 1063 2431 1102 α
2463 1039 2826 1136 prothefiico

637 1245 638 1252 ἵ
698 1155 797 1220 cfr
843 1156 1014 1221 Curt.
1063 1157 1207 1221 l.·c.
1260 1158 1385 1221 578
1434 1179 1594 1241 sqq„
1645 1157 2012 1236 720-726,
2063 1156 2302 1223 Clemm
2344 1157 2386 1221 l.
2444 1179 2498 1221 o.
2531 1155 2819 1220 41—54.

913 1294 953 1334 α
999 1273 1195 1372 ipsius
1242 1274 1464 1356 stirpis
1513 1276 1642 1337 est:

913 1385 1117 1473 ἀμάω;
1189 1390 1435 1453 initiale
1506 1410 1547 1449 α
1606 1390 1867 1475 longum
1937 1393 2034 1453 est
2101 1390 2169 1453 in
2225 1389 2302 1454 X.
2356 1391 2435 1454 16
2486 1385 2821 1472 ἀμάντεσσι

701 1504 893 1586 (thesi
938 1502 1073 1590 ΙΙ),
1143 1504 1221 1569 X.
1296 1508 1379 1569 50
1429 1502 1744 1588 ἀμώοντας
1790 1506 1982 1583 (thesi
2030 1504 2142 1589 II),
2192 1507 2303 1570 sed
2350 1507 2542 1570 breve
2592 1506 2666 1569 in
2716 1501 2820 1569 XI.

703 1621 783 1685 73
855 1618 1101 1720 ἀμάσας
1171 1621 1325 1702 (arsi
1385 1620 1466 1686 V.
1517 1625 1603 1699 2).
1697 1621 1795 1686 De
1843 1622 1963 1686 hoc
2010 1624 2206 1687 verbo
2251 1622 2395 1685 vide
2447 1621 2626 1686 Curt.
2680 1621 2725 1684 l.
2774 1642 2817 1684 c.

701 1740 848 1814 323,
895 1738 1007 1802 ubi
1053 1740 1269 1802 monet
1315 1738 1628 1802 initialem
1676 1759 1715 1799 α
1758 1739 2009 1802 literam
2045 1739 2239 1802 'etiam
2267 1731 2438 1821 ¹apud
2464 1737 2823 1801 'Homerum

698 1857 763 1918 et
808 1853 1160 1918 Hesiodum
1207 1854 1550 1938 ancipitem
1599 1876 1756 1919 esse.
1848 1853 2001 1918 Vidi
2048 1854 2307 1939 longam
2353 1876 2488 1917 esse
2535 1853 2826 1918 vocalem

697 1970 1012 2033 initialem
1057 1970 1124 2032 in
1171 1968 1286 2033 Od.
1335 1967 1446 2033 IX.
1500 1971 1626 2035 135
1676 1966 1876 2052 ἀμῷεν
1925 1968 2079 2051 (arsi
2128 1967 2239 2049 ΙΙ),
2287 1967 2361 2033 Il.
2411 1967 2658 2033 XXIV.
2697 1969 2816 2032 451

699 2081 1041 2170 ἀμήσαντες
1105 2084 1298 2166 (thesi
1345 2085 1450 2167 V),
1503 2086 1758 2150 brevem
1807 2086 1871 2149 in
1921 2085 2036 2149 Od.
2087 2082 2201 2150 IX.
2251 2088 2376 2150 247
2428 2082 2827 2170 ἀμησάμενος

699 2198 853 2282 (arsi
899 2199 1016 2265 III.
1064 2203 1153 2282 2).
1246 2201 1305 2264 A
1351 2201 1543 2285 longo
1591 2222 1630 2261 α
1661 2202 1889 2284 incipiss
1920 2202 2111 2265 etiam
2144 2200 2290 2265 VII.
2327 2203 2409 2265 29
2445 2198 2826 2286 ἀμητῆρεσσι

699 2317 851 2394 (arsi
898 2313 975 2399 Ι),
1024 2318 1188 2400 quod
1235 2318 1616 2382 vocabulum
1663 2341 1741 2382 ex
1790 2314 1969 2401 ἀμάω
2014 2321 2235 2383 natum
2285 2323 2397 2381 est.

883 2432 1070 2508 ‚RacL
1121 2427 1230 2515 ἀρε
1278 2455 1513 2518 magna
1560 2433 2008 2498 vocabulorum
2056 2434 2258 2517 copia,
2308 2456 2585 2517 quorum.
2620 2431 2823 2518 origi-

696 2570 838 2612 nem
889 2571 967 2612 ex
1015 2544 1090 2630 ἀρ
1140 2549 1352 2613 radice
1400 2549 1701 2632 repetivit
1749 2548 2002 2614 Curtius
2048 2550 2195 2615 l..c.
2245 2551 2617 2626 339—341‚
2673 2552 2818 2614 bre-

697 2687 840 2729 vem
909 2666 1164 2729 omnino
1230 2668 1485 2730 servant-
1557 2686 1596 2725 α
1656 2666 1958 2731 vocalem.
2064 2666 2275 2751 Hujus
2345 2665 2601 2751 generis
2678 2667 2822 2729 sunt

699 2777 1028 2862 ἀραρίσκω,
1102 2778 1241 2863 ἄρα,
1314 2776 1548 2862 ἀρείων,
1622 2779 1883 2863 ἄριστος,
1942 2778 2251 2864 ἀριστεὺς,
2303 2778 2559 2864 ἀρέσκω,
2612 2778 2817 2864 ἀρετή,

695 2893 921 2981 Ἀρης,
970 2892 1105 2979 ἀρι-
1151 2895 1493 2980 (particula
1524 2897 2017 2981 inseparabilis),
2053 2894 2322 2981 ἀριθμός
2353 2899 2616 2982 ejusque
2653 2896 2816 2961 deri-

695 3017 843 3077 vata
911 3017 1032 3079 etc.
1125 3013 1547 3097 Excipiuntur
1617 3018 1829 3078 tamen
1875 3013 2048 3077 haec:
2123 3011 2267 3076 VII.
2321 3015 2444 3077 105
2494 3009 2616 3095 ἀρα
2667 3010 2818 3090 (arsi

696 3127 806 3211 ΙΙ),
854 3129 1017 3212 quod
1065 3130 1233 3193 idem
1279 3134 1469 3213 atque
1519 3130 1957 3215 interrogandi
2002 3128 2320 3213 particula
2367 3125 2487 3210 ἆρα
2535 3151 2672 3193 esse
2708 3150 2815 3191 ne-

695 3245 834 3327 quit
902 3244 1026 3326 (cfr
1072 3244 1252 3309 Pind.
1299 3245 1490 3329 Pyth.
1541 3242 1656 3310 IV.
1696 3246 1849 3322 -78);
1923 3242 2253 3327 ἀνάριθμοι
2298 3244 2443 3310 XV.
2490 3245 2573 3308 45
2622 3242 2815 3324 (thesi

694 3358 816 3443 IV)
887 3397 966 3405 —-
1020 3365 1315 3446 correpta
1359 3384 1508 3426 vero
1557 3361 2076 3444 antepaenultima
2123 3359 2297 3425 XVI.
2349 3363 2431 3425 90
2480 3345 2815 3443 ἀνάριθμοι

696 3477 846 3554 (arsi
892 3476 974 3541 V.
1023 3476 1111 3559 2).
1165 3514 1241 3522 -
1294 3472 1578 3560 ἀριθμός,
1628 3472 1927 3565 ἀριθμὲω,
1976 3472 2320 3561 ἀριθμητός
2365 3477 2599 3559 ubique
2647 3477 2728 3540 ab
2775 3493 2812 3532 α

696 3593 874 3657 brevi
921 3593 1279 3676 incipiunt..

904 3709 1129 3778 καλόςε
1179 3709 1526 3793 saepissime
1562 3708 1771 3772 brevis
1806 3712 1901 3771 est
1931 3708 2322 3792 paenultima,
2356 3709 2550 3792 longa
2581 3709 2645 3771 in
2679 3706 2804 3770 his:

692 3824 881 3886 κᾶλὸν
952 3821 1003 3889 Ι.
1075 3826 1158 3890 34
1230 3824 1422 3906 (thesi
1483 3822 1561 3907 Ι),
1609 3820 1722 3888 VI.
1777 3825 1858 3888 14
1908 3824 2101 3905 (thesi
2147 3823 2255 3907 V),
2307 3822 2480 3907 [XX.
2530 3828 2613 3889 30
2662 3820 2807 3899 (arsi

692 3939 805 4021 ΙΙ),
853 3939 1121 4005 XXVII.
1173 3942 1207 4006 7
1258 3940 1450 4018 (thesi
1496 3938 1573 4016 Ι),
1622 3942 1706 4003 30
1740 3939 1931 4017 (thesi
1964 3939 2120 4024 V)];
2153 3940 2319 4002 κᾶλά
2355 3937 2462 4003 VI.
2502 3940 2582 4003 19
2618 3934 2804 4021 (thesi

691 4055 801 4140 V),
860 4053 1164 4139 [XXVII.
1216 4056 1296 4122 37
1349 4056 1537 4133 (thesi
1601 4055 1706 4136 V),
1755 4056 1836 4119 47
1888 4056 2081 4134 (thesi
2128 4055 2240 4140 ΙΙ),
2289 4058 2369 4120 52
2420 4055 2612 4132 (thesi
2658 4050 2801 4137 V)];
