3109 4859
1560 350 1903 413 —54—

1672 662 1785 729 XI.

1323 830 1547 899 Varia
1596 830 1682 899 de
1729 831 2128 899 vocalibuS.

1526 997 1601 1063 In
1646 1000 1732 1066 id.
1780 1000 1931 1066 XV:

876 1168 966 1236 A.
1058 1169 1209 1233 Dor.
1259 1170 1299 1231 ἅ
1346 1192 1458 1253 pro
1505 1173 1619 1234 att..
1662 1193 1689 1231 ε
1722 1176 2062 1254 usurpant:
2114 1173 2254 1237 adv.
2286 1175 2588 1256 temporis
2623 1194 2780 1236 ποκα
2915 1202 2921 1208 -

670 1308 730 1349 v.
778 1285 883 1364 44,
933 1285 1352 1370 (Quamquam
1399 1285 1559 1351 Ahr.
1604 1286 1802 1351 Diall.
1850 1284 1933 1351 Π.
1986 1289 2109 1352 377
2159 1283 2319 1349 πόκα
2365 1289 2482 1352 hoc
2516 1290 2649 1353 loco
2681 1291 2778 1354 in-

666 1401 1124 1486 terrogativum
1173 1423 1307 1466 esse
1357 1402 1703 1480 contendit,
1737 1403 1802 1465 in
1837 1403 2110 1468 editione
2144 1403 2778 1481 Theocriteaomisso

668 1521 931 1582 accentu
979 1518 1337 1581 encliticam
1397 1520 1662 1601 usurpat
1707 1519 2107 1603 particulam,
2156 1543 2295 1605 quae
2386 1521 2509 1585 nisi
2549 1522 2778 1586 indefi-

665 1634 785 1697 niti
833 1634 1116 1698 adverbii
1161 1633 1291 1697 vim
1322 1632 1559 1698 habere
1593 1657 1718 1698 non
1750 1639 2008 1719 potest.)
2041 1635 2098 1698 κ’
2133 1637 2294 1719 (dor.
2326 1658 2407 1700 κα
2440 1661 2553 1722 pro
2588 1638 2775 1703 Hom.

665 1751 795 1834 κεν)
865 1772 922 1814 v.
996 1750 1098 1829 26,
1162 1745 1292 1810 ὅκκ’
1370 1773 1427 1830 v.
1503 1751 1628 1814 144
1700 1751 1810 1833 (=
1860 1748 1973 1814 ὅκα
2020 1755 2148 1834 κα).
2242 1754 2340 1818 De
2390 1755 2667 1820 Ahrensi
2716 1759 2779 1818 et

664 1864 1026 1929 Morsbachi
1096 1867 1458 1949 conjectura
1527 1865 1669 1950 ποχ’
1742 1864 1840 1929 οἷα
1902 1878 1968 1932 V.
2032 1871 2114 1931 32
2176 1869 2320 1933 vide
2384 1871 2572 1933 infra.
2669 1871 2778 1935 cfr

666 1980 824 2046 Ahr.
894 1980 936 2044 1.
1010 2003 1063 2045 c.
1122 1982 1271 2062 383,
1319 1981 1605 2046 Roscher
1651 1981 1828 2048 Stud.
1876 1979 1993 2046 III.
2047 1984 2192 2062 145,
2240 1984 2314 2048 L.
2364 1983 2584 2066 Meyer
2629 1984 2671 2047 l.
2722 2008 2773 2048 c.

667 2098 769 2176 38,
843 2099 990 2175 224,
1063 2099 1210 2178 585,
1282 2096 1354 2162 G.
1418 2097 1641 2182 Meyer
1688 2099 1967 2184 29—-30‚
2020 2100 2165 2164 192.
2258 2097 2331 2163 G.
2380 2098 2600 2182 Meyer
2648 2101 2770 2164 30:

674 2212 839 2291 „Ffir
898 2214 1007 2278 das
1054 2214 1705 2299 verallgemeinernde
1753 2235 1847 2274 -τε
1896 2214 2157 2287 beweist
2203 2214 2313 2276 das
2359 2213 2469 2278 lat.
2521 2236 2634 2299 que
2680 2216 2773 2280 al-

662 2331 757 2392 tes
806 2352 872 2405 e;
922 2329 1170 2395 dorisch
1216 2349 1331 2390 -κα
1378 2329 1647 2394 braucht
1695 2329 1894 2392 damit
1936 2328 2114 2392 nicht
2144 2329 2460 2393 identisch
2493 2353 2568 2394 zu
2600 2331 2770 2407 sein3

665 2447 773 2508 das
820 2445 1132 2510 lesbische
1181 2467 1288 2506 -τα
1334 2445 1548 2508 macht
1593 2444 1756 2508 noch
1787 2445 2133 2510 besondere
2183 2445 2772 2531 Schwierigkeiten,

665 2562 829 2624 denn
874 2544 1230 2646 Ubergang
1276 2583 1396 2624 von
1443 2583 1484 2644 q
1532 2561 1597 2623 in
1644 2582 1675 2625 τ
1720 2561 1963 2625 kommt
2007 2584 2126 2625 nur
2172 2585 2286 2626 vor
2317 2562 2527 2626 hellen
2561 2562 2770 2627 Voca-

662 2676 767 2739 len
814 2675 871 2758 (ε
919 2680 983 2740 et
1032 2677 1075 2760 ι)
1122 2678 1298 2740 vor“.

872 2845 950 2912 B.
1042 2845 1192 2910 Dor.
1266 2866 1306 2906 α
1373 2868 1487 2928 pro
1557 2849 1671 2912 att.
1743 2867 1807 2909 οε
1882 2844 2072 2908 εἴκατι
2140 2870 2199 2911 v.
2252 2849 2396 2912 139.
2489 2833 2587 2911 De
2637 2848 2769 2913 dor.

661 2960 929 3051 (fflm‘ct
974 2961 1076 3026 vel
1123 2964 1423 3052 (Hermu
1469 2984 1583 3045 pro
1632 2959 1821 3024 εἴκοσι
1868 2962 1963 3047 cfr
2018 2961 2176 3025 Ahr.
2232 2962 2275 3025 l.
2311 2983 2361 3026 c.
2398 2964 2768 3042 279-280,

665 3079 810 3142 184.
881 3077 1123 3142 Gelbke
1194 3076 1371 3142 Stud.
1445 3075 1528 3143 II.
1601 3080 1881 3156 29-30,
1951 3077 2142 3141 Allen
2200 3075 2375 3142 stud.
2440 3075 2558 3142 III.
2623 3082 2771 3144 219.

661 3191 925 3278 Brugm.
991 3192 1170 3258 Stud.
1219 3191 1333 3259 IV.
1385 3195 1465 3258 72
1514 3195 1731 3281 fixam
1779 3216 1857 3256 ex
1905 3193 2162 3277 antiquo
2208 3194 2481 3277 quodam
2524 3198 2774 3282 ]-“ἱκαντι

661 3308 796 3392 (lat.
858 3310 1105 3394 viqin-ti)
1152 3310 1357 3374 nasali
1417 3312 1564 3373 ante
1613 3309 1997 3392 explosivam
2048 3311 2251 3393 ejecta
2298 3310 2574 3374 deduxit.
2668 3311 2770 3375 Ad

663 3426 1195 3508 comparationem
1271 3426 1526 3490 revocat
1612 3425 1886 3508 glossam
1974 3424 2447 3509 Hesychianam
2519 3422 2768 3489 ἵκαντιν.

673 3542 737 3606 L,
786 3563 838 3607 c.
885 3545 1012 3605 not.
1064 3545 1100 3606 9
1149 3528 1413 3625 Brugm.
1462 3545 1679 3604 contra
1726 3540 2083 3621 Gelbkium‚
2130 3541 2241 3626 qui
2285 3542 2328 3606 1.
2379 3565 2432 3606 c.
2484 3543 2564 3606 16
2612 3563 2651 3604 κ
2681 3543 2762 3607 li-

665 3674 863 3722 teram
934 3679 1189 3721 causam
1247 3658 1441 3721 fuisse
1490 3679 1531 3718 α
1576 3649 1812 3721 vocalis
1859 3658 1925 3720 in
1973 3679 2004 3718 0
2050 3659 2367 3722 mutandae
2416 3659 2769 3742 suspicatus

665 3779 776 3850 eat,
846 3773 1022 3837 illam
1090 3773 1327 3838 vocalis
1398 3794 1438 3834 α
1506 3773 2011 3838 obscurationem
2078 3773 2248 3836 haud
2318 3774 2505 3838 dubie
2566 3776 2769 3838 nasali

665 3912 851 3974 quam
895 3889 1161 3954 haberet
1207 3889 1524 3973 antiquior
1570 3890 1772 3953 forma
1818 3884 2121 3976 (fimum)
2170 3890 2387 3954 deberi
2419 3891 2764 3954 contendit.

669 4006 818 4070 [him
890 4004 1298 4092 Brugmanno
1366 4005 1619 4070 omnino
1688 4007 1999 4070 consentit
2077 4005 2340 4071 Meister
2407 4005 2581 4072 Stud.
2653 4005 2767 4073 IV.
