3109 4859
1583 368 1925 434 *65-

907 568 976 629 ΡΡ
1025 569 1104 611 ex
1153 566 1256 629 90²
2374 623 2380 628 .

905 663 1040 728 Sec.
1109 663 1181 728 Gr.
1246 663 1469 748 Meyer
1525 667 1875 731 262-263
1922 688 2063 748 -ρσ-
2110 668 2521 732 usitatissima
2569 673 2665 732 est
2709 691 2813 732 so-

692 802 914 843 norum
985 780 1347 863 conjunctio
1415 781 1481 844 in
1529 779 1681 845 Iade
1729 785 1792 844 et
1852 783 2203 865 antiquiore
2231 784 2539 862 Atthide,
2587 785 2698 848 sed
2744 785 2809 848 in

664 895 1043 962 -recentiore
1091 900 1155 960 et
1200 897 1435 980 partim
1475 898 1612 980 jam
1658 898 1723 961 in
1773 898 2126 982 antiquiore
2161 899 2427 964 Atthide
2461 900 2559 964 hae
2591 922 2810 965 conso-

698 1033 796 1074 nae
847 1012 1319 1078 assimulatione
1367 1013 1432 1075 in
1478 1034 1619 1094 -ρρ-
1665 1017 1925 1077 mutatae
1970 1018 2134 1080 sunt‘.
2228 1016 2444 1080 Etiam
2475 1017 2542 1080 in
2574 1016 2809 1080 Doride

690 1127 853 1192 hanc
922 1129 1336 1193 mutationem
1405 1129 1586 1192 nobis
1646 1150 1977 1195 occurrere
2025 1131 2206 1194 docet
2254 1131 2411 1197 Ahr.
2459 1133 2503 1196 1.
2552 1154 2607 1196 c.
2660 1134 2807 1198 102.

689 1243 900 1326 Hujus
969 1245 1223 1329 generis
1291 1244 1357 1307 in
1426 1243 1543 1307 hoc
1614 1245 1697 1308 id.
1748 1245 2041 1329 exempla
2088 1250 2259 1311 sunt:
2324 1252 2549 1329 πυρρός
2595 1273 2653 1313 v.
2704 1250 2807 1328 53,

689 1363 884 1442 πυρρά
941 1383 999 1425 v.
1069 1363 1211 1426 130.
1278 1397 1356 1404 —-
1418 1359 1528 1424 Ofi-
1576 1360 1649 1424 L.
1696 1360 1920 1444 Meyer
1966 1364 2116 1441 479,
2168 1365 2293 1428 784
2340 1363 2476 1445 (ubi
2524 1387 2563 1426 a
2608 1365 2807 1448 stirpe

615 1481 622 1486 ’
682 1497 842 1560 prus
912 1477 1236 1541 derivatur
1303 1477 1573 1557 πυρρός),
1646 1476 1819 1541 Curt.
1891 1478 2221 1544 Miscellen
2289 1478 2468 1544 Stud.
2518 1479 2611 1545 I:a
2659 1482 2807 1560 243,

651 1566 962 1658 ’Θωῐιᾶι
1036 1593 1182 1667 286,
1254 1593 1404 1655 431.
1499 1591 1574 1657 Gr.
1630 1592 1854 1677 Meyer
1898 1596 2061 1659 264:
2144 1605 2335 1686 „-pf-
2379 1597 2696 1682 liegtvor
2744 1598 2807 1660 in

689 1710 833 1774 dem
903 1709 1370 1773 Pferdenamen
1439 1703 1695 1798 Hopfo'cg
1757 1708 1872 1775 IA.
1940 1713 2043 1789 20,
2095 1714 2176 1776 50
2209 1713 2583 1789 ·(Korinth):
2635 1714 2807 1777 dem-

687 1824 852 1888 nach
898 1825 1070 1888 kann
1116 1828 1339 1905 πυρρός
1387 1825 1490 1888 fiir
1535 1829 1777 1915 wopfo'c
1824 1826 2049 1889 stehen
2094 1829 2223 1890 und
2256 1850 2376 1891 von
2408 1833 2635 1908 πυρσός
2663 1851 2807 1894 ver-

572 1970 577 1975 ·
687 1936 989 2004 schieden
1035 1940 1235 2006 sein“.

898 2055 1130 2121 Contra
1177 2078 1317 2138 -ρσ-
1364 2059 1685 2120 servatur:
1749 2055 1972 2136 θάρσει
2018 2077 2117 2119 vv.
2170 2056 2274 2135 13,
2324 2057 2426 2136 56,
2478 2057 2580 2135 73,
2629 2077 2805 2119 κυνο-

684 2145 930 2256 θόῖρσης
975 2195 1032 2237 v.
1085 2173 1189 2238 53.

898 2310 968 2370 ρρ
1018 2311 1095 2352 ex
1145 2308 1248 2369 σρε
1300 2283 1530 2368 ἐπιρρεῖ
1575 2311 1633 2351 v.
1684 2287 1789 2352 59.
1881 2286 2043 2351 Rad.
2094 2308 2183 2368 ρο,
2229 2308 2356 2368 opo,
2393 2309 2566 2369 σρευ;
2616 2293 2802 2372 praes,

686 2413 901 2493 opefm
949 2433 1030 2456 ==
1080 2424 1314 2466 sanscr.
1363 2403 1704 2483 srdva-mi;
1750 2402 1845 2466 cfr
1893 2401 2064 2466 Curt.
2117 2402 2388 2468 Grundz.
2422 2406 2571 2483 352,
2605 2404 2803 2468 Verb.

682 2519 731 2583 I.
788 2522 932 2598 117,
985 2521 1132 2596 227,
1183 2519 1255 2582 L.
1304 2517 1527 2601 Meyer
1579 2520 1699 2582 102
1750 2541 1903 2605 seq.²
1938 2520 2065 2582 314
2100 2542 2252 2604 seq.,
2290 2522 2437 2599 350,
2473 2519 2546 2585 G.
2580 2520 2803 2604 Meyer

686 2636 830 2712 169,
884 2634 1030 2713 174,
1081 2634 1228 2720 260,
1279 2632 1540 2718 Brugm.
1591 2633 1813 2718 Vergl.
1865 2632 2078 2698 Grani.
2129 2633 2179 2699 I.
2230 2637 2378 2725 217,
2428 2637 2578 2700 424.

893 2770 954 2810 νν
1005 2769 1234 2812 cxcv:
1284 2744 1798 2811 Πελοποννασιστί
1844 2774 1905 2815 v.
1942 2751 2045 2814 92.
2141 2750 2252 2814 Ofr
2286 2750 2360 2815 Gr.
2395 2751 2618 2835 Meyer
2651 2754 2797 2816 260.

892 2917 970 2984 Β.
1063 2918 1336 3002 Liquida
1396 2919 1434 2980 λ
1480 2920 1541 2985 in
1595 2920 1915 2985 dentalem
1963 2889 2246 2984 nasalem
2294 2941 2322 2981 ν
2371 2925 2518 2984 ante
2567 2921 2613 2981 θ
2662 2945 2801 2985 mu-

684 3038 819 3099 tata
868 3038 994 3099 est:

680 3319 737 3359 v.
791 3297 894 3372 60,
941 3290 1130 3379 ἧνθον
1175 3318 1234 3358 v.
1287 3295 1388 3372 61,
1440 3289 1812 3378 εἰσένθωμες
1859 3318 1915 3358 v.
1967 3296 2069 3374 68,
2118 3297 2417 3378 ποτὲνθῃς
2464 3320 2522 3359 v.
2578 3298 2721 3360 148.

892 3428 1126 3493 Contra
1172 3428 1208 3489 λ
1256 3425 1447 3513 vulgo
1496 3432 1750 3492 servant
1799 3433 1864 3492 et
1910 3431 2089 3493 codd.
2142 3434 2205 3494 et
2238 3431 2376 3494 edd.
2413 3428 2574 3512 (exc.
2610 3430 2801 3508 Ahr.)

678 3545 744 3608 in
793 3541 1145 3606 ἐπανελθών
1193 3568 1252 3609 v.
1304 3546 1449 3610 140.

890 3675 1012 3742 Illa
1057 3678 1259 3742 literae
1309 3678 1346 3738 λ
1393 3677 1458 3740 in
1507 3698 1535 3738 ν
1582 3679 1986 3760 permutatio,
2022 3702 2212 3763 quam
2246 3681 2413 3763 apud
2445 3679 2797 3746 Dorienses

678 3794 976 3857 usitatam
1048 3816 1183 3857 esse
1253 3816 1422 3877 saepe
1493 3797 1809 3859 testantur
1865 3796 2289 3879 grammatici,
2336 3819 2462 3859 non
2508 3798 2798 3862 omnibus

681 3910 1092 3975 lJoriensibus
1161 3933 1552 3977 communem
1625 3911 1841 3990 fuisse,
1912 3934 1989 3975 ne
2038 3913 2205 3995 apud
2251 3911 2495 3976 Siculos
2541 3915 2797 3996 quidem

681 4026 990 4090 constanti
1059 4049 1181 4090 usu
1252 4020 1717 4111 frequentatam
1789 4050 1925 4092 esse
1994 4029 2352 4111 suspicatur
2419 4028 2579 4093 Ahr.
2648 4030 2691 4093 l.
2737 4053 2794 4093 c.

893 3174 1084 3239 ἐνθών
1124 3140 1190 3243 ⁸v.
1241 3180 1301 3256 8,
1348 3174 1539 3262 ἧνθες
1584 3201 1684 3243 vv.
1736 3181 1795 3257 2,
1851 3179 1994 3257 144,
2041 3174 2195 3262 ἦνθε
2242 3203 2299 3244 v.
2340 3180 2440 3256 17,
2474 3181 2801 3262 παρενθείν
2933 3256 2939 3260 ᾗ
