<?xml version="1.0" encoding="UTF-8"?>
<!DOCTYPE html PUBLIC "-//W3C//DTD XHTML 1.0 Transitional//EN"
    "http://www.w3.org/TR/xhtml1/DTD/xhtml1-transitional.dtd">
<html xmlns="http://www.w3.org/1999/xhtml" xml:lang="en" lang="en">
 <head>
  <title>
</title>
<meta http-equiv="Content-Type" content="text/html;charset=utf-8" />
  <meta name='ocr-system' content='tesseract 3.04.00' />
  <meta name='ocr-capabilities' content='ocr_page ocr_carea ocr_par ocr_line ocrx_word'/>
</head>
<body>
  <div class='ocr_page' id='page_1' title='image "./studiatheocrite00wintgoog_0040.png"; bbox 0 0 3109 4859; ppageno 0'>
   <div class='ocr_carea' id='block_1_1' title="bbox 1526 329 1937 430">
    <p class='ocr_par' dir='ltr' id='par_1_1' title="bbox 1526 329 1937 430">
     <span class='ocr_line' id='line_1_1' title="bbox 1799 329 1803 346; baseline 0 0"><span class='ocrx_word' id='word_1_1' title='bbox 1799 329 1803 346; x_wconf 50' lang='lat' dir='ltr'>i</span> 
     </span>
     <span class='ocr_line' id='line_1_2' title="bbox 1526 349 1937 416; baseline -0.002 -21"><span class='ocrx_word' id='word_1_2' title='bbox 1526 349 1937 416; x_wconf 33' lang='lat' dir='ltr'>,Jfflssoffl</span> 
     </span>
     <span class='ocr_line' id='line_1_3' title="bbox 1530 415 1539 430; baseline 0 0"><span class='ocrx_word' id='word_1_3' title='bbox 1530 415 1539 430; x_wconf 60' lang='grc' dir='ltr'><strong>Χ</strong></span> 
     </span>
    </p>
   </div>
   <div class='ocr_carea' id='block_1_2' title="bbox 613 523 2900 3147">
    <p class='ocr_par' dir='ltr' id='par_1_2' title="bbox 613 523 2900 3147">
     <span class='ocr_line' id='line_1_4' title="bbox 613 523 2834 614; baseline 0 -21"><span class='ocrx_word' id='word_1_4' title='bbox 613 569 619 576; x_wconf 85' lang='lat'><em>·</em></span> <span class='ocrx_word' id='word_1_5' title='bbox 708 527 889 594; x_wconf 85' lang='lat' dir='ltr'>docet</span> <span class='ocrx_word' id='word_1_6' title='bbox 934 523 1201 614; x_wconf 83' lang='lat' dir='ltr'>Brugm.</span> <span class='ocrx_word' id='word_1_7' title='bbox 1250 527 1420 593; x_wconf 86' lang='lat' dir='ltr'>Curt.</span> <span class='ocrx_word' id='word_1_8' title='bbox 1471 528 1649 594; x_wconf 78' lang='lat' dir='ltr'>Stud.</span> <span class='ocrx_word' id='word_1_9' title='bbox 1699 526 1812 593; x_wconf 88' lang='lat' dir='ltr'>IV.</span> <span class='ocrx_word' id='word_1_10' title='bbox 1843 530 2011 606; x_wconf 88' lang='grc'>-103,</span> <span class='ocrx_word' id='word_1_11' title='bbox 2062 530 2171 606; x_wconf 77' lang='lat' dir='ltr'>sed</span> <span class='ocrx_word' id='word_1_12' title='bbox 2220 525 2326 594; x_wconf 70' lang='lat' dir='ltr'>ita·</span> <span class='ocrx_word' id='word_1_13' title='bbox 2357 532 2428 592; x_wconf 90' lang='lat' dir='ltr'>ut</span> <span class='ocrx_word' id='word_1_14' title='bbox 2475 564 2552 575; x_wconf 82' lang='lat'>——-</span> <span class='ocrx_word' id='word_1_15' title='bbox 2586 531 2834 593; x_wconf 81' lang='lat' dir='ltr'>mutata</span> 
     </span>
     <span class='ocr_line' id='line_1_5' title="bbox 708 643 2835 731; baseline -0.001 -22"><span class='ocrx_word' id='word_1_16' title='bbox 708 646 1032 729; x_wconf 80' lang='lat' dir='ltr'>explosiva</span> <span class='ocrx_word' id='word_1_17' title='bbox 1101 645 1412 730; x_wconf 82' lang='lat' dir='ltr'>gutturali</span> <span class='ocrx_word' id='word_1_18' title='bbox 1482 666 1514 723; x_wconf 91' lang='grc' dir='ltr'><strong>γ</strong></span> <span class='ocrx_word' id='word_1_19' title='bbox 1587 646 1655 710; x_wconf 90' lang='lat' dir='ltr'>in</span> <span class='ocrx_word' id='word_1_20' title='bbox 1699 643 1742 709; x_wconf 67' lang='grc' dir='ltr'>φὶ</span> <span class='ocrx_word' id='word_1_21' title='bbox 1791 646 2181 731; x_wconf 83' lang='lat' dir='ltr'>gutturalem</span> <span class='ocrx_word' id='word_1_22' title='bbox 2229 645 2511 710; x_wconf 80' lang='lat' dir='ltr'>nasalem</span> <span class='ocrx_word' id='word_1_23' title='bbox 2565 681 2643 691; x_wconf 85' lang='lat'>—-—</span> <span class='ocrx_word' id='word_1_24' title='bbox 2693 644 2835 724; x_wconf 72' lang='grc' dir='ltr'>γὶῐι-</span> 
     </span>
     <span class='ocr_line' id='line_1_6' title="bbox 707 761 2835 845; baseline 0.001 -23"><span class='ocrx_word' id='word_1_25' title='bbox 707 782 885 845; x_wconf 77' lang='grc' dir='ltr'><strong>νομαι</strong></span> <span class='ocrx_word' id='word_1_26' title='bbox 954 762 1232 825; x_wconf 91' lang='lat' dir='ltr'>medium</span> <span class='ocrx_word' id='word_1_27' title='bbox 1279 762 1361 825; x_wconf 81' lang='lat' dir='ltr'>sit</span> <span class='ocrx_word' id='word_1_28' title='bbox 1410 761 1777 826; x_wconf 83' lang='lat' dir='ltr'>mutationis</span> <span class='ocrx_word' id='word_1_29' title='bbox 1826 763 2179 826; x_wconf 81' lang='lat' dir='ltr'>membrum</span> <span class='ocrx_word' id='word_1_30' title='bbox 2228 762 2396 826; x_wconf 79' lang='lat' dir='ltr'>inter</span> <span class='ocrx_word' id='word_1_31' title='bbox 2442 763 2718 845; x_wconf 76' lang='grc' dir='ltr'><strong>γίγνομαι</strong></span> <span class='ocrx_word' id='word_1_32' title='bbox 2766 765 2835 825; x_wconf 85' lang='lat' dir='ltr'>et</span> 
     </span>
     <span class='ocr_line' id='line_1_7' title="bbox 707 873 2833 963; baseline 0 -24"><span class='ocrx_word' id='word_1_33' title='bbox 707 873 946 961; x_wconf 72' lang='grc' dir='ltr'><strong>γίνομαι</strong></span> <span class='ocrx_word' id='word_1_34' title='bbox 1013 878 1441 958; x_wconf 79' lang='lat' dir='ltr'>interjectum.</span> <span class='ocrx_word' id='word_1_35' title='bbox 1536 877 1649 942; x_wconf 76' lang='lat' dir='ltr'>cfr</span> <span class='ocrx_word' id='word_1_36' title='bbox 1717 877 1982 963; x_wconf 84' lang='lat' dir='ltr'>Brugm.</span> <span class='ocrx_word' id='word_1_37' title='bbox 2041 876 2264 963; x_wconf 83' lang='lat' dir='ltr'>Vergl.</span> <span class='ocrx_word' id='word_1_38' title='bbox 2315 877 2527 944; x_wconf 82' lang='lat' dir='ltr'>Gram.</span> <span class='ocrx_word' id='word_1_39' title='bbox 2578 875 2629 942; x_wconf 94' lang='lat' dir='ltr'>I.</span> <span class='ocrx_word' id='word_1_40' title='bbox 2681 879 2833 956; x_wconf 83' lang='lat'>364,</span> 
     </span>
     <span class='ocr_line' id='line_1_8' title="bbox 707 991 2836 1080; baseline 0 -22"><span class='ocrx_word' id='word_1_41' title='bbox 707 994 858 1070; x_wconf 86' lang='lat'>467,</span> <span class='ocrx_word' id='word_1_42' title='bbox 908 993 982 1059; x_wconf 80' lang='lat' dir='ltr'>G.</span> <span class='ocrx_word' id='word_1_43' title='bbox 1031 993 1254 1079; x_wconf 81' lang='lat' dir='ltr'><strong>Meyer</strong></span> <span class='ocrx_word' id='word_1_44' title='bbox 1300 996 1450 1059; x_wconf 87' lang='lat'><strong>270.</strong></span> <span class='ocrx_word' id='word_1_45' title='bbox 1542 991 1906 1078; x_wconf 85' lang='lat' dir='ltr'>Usurpatur</span> <span class='ocrx_word' id='word_1_46' title='bbox 1949 991 2188 1080; x_wconf 73' lang='grc' dir='ltr'><strong>γίνομαι</strong></span> <span class='ocrx_word' id='word_1_47' title='bbox 2220 994 2284 1058; x_wconf 92' lang='lat' dir='ltr'>in</span> <span class='ocrx_word' id='word_1_48' title='bbox 2318 994 2577 1073; x_wconf 84' lang='lat' dir='ltr'>Doride,</span> <span class='ocrx_word' id='word_1_49' title='bbox 2611 1016 2836 1058; x_wconf 81' lang='lat' dir='ltr'>reeen-</span> 
     </span>
     <span class='ocr_line' id='line_1_9' title="bbox 706 1105 2830 1194; baseline 0 -21"><span class='ocrx_word' id='word_1_50' title='bbox 706 1109 864 1174; x_wconf 83' lang='lat' dir='ltr'>tiore</span> <span class='ocrx_word' id='word_1_51' title='bbox 935 1106 1107 1189; x_wconf 85' lang='lat' dir='ltr'>Iade,</span> <span class='ocrx_word' id='word_1_52' title='bbox 1157 1109 1447 1175; x_wconf 86' lang='lat' dir='ltr'>Atthide.</span> <span class='ocrx_word' id='word_1_53' title='bbox 1553 1108 1747 1193; x_wconf 87' lang='lat' dir='ltr'><strong>Apud</strong></span> <span class='ocrx_word' id='word_1_54' title='bbox 1818 1108 2167 1175; x_wconf 86' lang='lat' dir='ltr'>Homerum</span> <span class='ocrx_word' id='word_1_55' title='bbox 2238 1105 2477 1194; x_wconf 76' lang='grc' dir='ltr'><strong>γίνομαι</strong></span> <span class='ocrx_word' id='word_1_56' title='bbox 2546 1110 2830 1194; x_wconf 88' lang='lat' dir='ltr'>plerum-</span> 
     </span>
     <span class='ocr_line' id='line_1_10' title="bbox 707 1225 2826 1310; baseline 0 -20"><span class='ocrx_word' id='word_1_57' title='bbox 707 1247 829 1310; x_wconf 86' lang='lat' dir='ltr'>que</span> <span class='ocrx_word' id='word_1_58' title='bbox 878 1226 1186 1310; x_wconf 79' lang='lat' dir='ltr'>scriptum</span> <span class='ocrx_word' id='word_1_59' title='bbox 1234 1228 1484 1290; x_wconf 78' lang='lat' dir='ltr'>exstare</span> <span class='ocrx_word' id='word_1_60' title='bbox 1534 1226 1600 1289; x_wconf 91' lang='lat' dir='ltr'>in</span> <span class='ocrx_word' id='word_1_61' title='bbox 1645 1225 1825 1290; x_wconf 85' lang='lat' dir='ltr'>libris</span> <span class='ocrx_word' id='word_1_62' title='bbox 1876 1248 2060 1290; x_wconf 88' lang='lat' dir='ltr'>manu</span> <span class='ocrx_word' id='word_1_63' title='bbox 2111 1226 2364 1309; x_wconf 85' lang='lat' dir='ltr'>scriptis</span> <span class='ocrx_word' id='word_1_64' title='bbox 2410 1227 2684 1290; x_wconf 79' lang='lat' dir='ltr'>ostendit</span> <span class='ocrx_word' id='word_1_65' title='bbox 2733 1226 2826 1291; x_wconf 86' lang='lat' dir='ltr'>La</span> 
     </span>
     <span class='ocr_line' id='line_1_11' title="bbox 707 1339 2835 1427; baseline 0 -22"><span class='ocrx_word' id='word_1_66' title='bbox 707 1339 955 1420; x_wconf 78' lang='lat' dir='ltr'>Roche3</span> <span class='ocrx_word' id='word_1_67' title='bbox 1027 1341 1245 1407; x_wconf 82' lang='lat' dir='ltr'>Curtio</span> <span class='ocrx_word' id='word_1_68' title='bbox 1317 1340 1536 1419; x_wconf 87' lang='lat' dir='ltr'>(Verb.</span> <span class='ocrx_word' id='word_1_69' title='bbox 1586 1339 1672 1406; x_wconf 93' lang='lat' dir='ltr'>II.</span> <span class='ocrx_word' id='word_1_70' title='bbox 1721 1340 1877 1423; x_wconf 82' lang='lat'>424)</span> <span class='ocrx_word' id='word_1_71' title='bbox 1925 1345 2135 1405; x_wconf 84' lang='lat' dir='ltr'>tamen</span> <span class='ocrx_word' id='word_1_72' title='bbox 2195 1364 2454 1427; x_wconf 82' lang='lat' dir='ltr'>„wegen</span> <span class='ocrx_word' id='word_1_73' title='bbox 2500 1342 2673 1406; x_wconf 88' lang='lat' dir='ltr'>ihrer</span> <span class='ocrx_word' id='word_1_74' title='bbox 2717 1364 2835 1427; x_wconf 83' lang='lat' dir='ltr'>ge-</span> 
     </span>
     <span class='ocr_line' id='line_1_12' title="bbox 707 1456 2836 1543; baseline 0 -22"><span class='ocrx_word' id='word_1_75' title='bbox 707 1459 938 1543; x_wconf 87' lang='lat' dir='ltr'>ringen</span> <span class='ocrx_word' id='word_1_76' title='bbox 986 1456 1597 1542; x_wconf 74' lang='lat' dir='ltr'>Urspri’ingligkeit“</span> <span class='ocrx_word' id='word_1_77' title='bbox 1653 1458 1788 1521; x_wconf 86' lang='lat' dir='ltr'>veri</span> <span class='ocrx_word' id='word_1_78' title='bbox 1836 1458 2039 1521; x_wconf 82' lang='lat' dir='ltr'>simile</span> <span class='ocrx_word' id='word_1_79' title='bbox 2086 1458 2338 1521; x_wconf 84' lang='lat' dir='ltr'>videtur</span> <span class='ocrx_word' id='word_1_80' title='bbox 2383 1462 2526 1541; x_wconf 86' lang='lat' dir='ltr'>post</span> <span class='ocrx_word' id='word_1_81' title='bbox 2568 1457 2836 1521; x_wconf 87' lang='lat' dir='ltr'>Homeri</span> 
     </span>
     <span class='ocr_line' id='line_1_13' title="bbox 711 1572 2834 1658; baseline 0 -20"><span class='ocrx_word' id='word_1_82' title='bbox 711 1577 968 1638; x_wconf 82' lang='lat' dir='ltr'>aetatem</span> <span class='ocrx_word' id='word_1_83' title='bbox 1038 1574 1309 1638; x_wconf 84' lang='lat' dir='ltr'>formam</span> <span class='ocrx_word' id='word_1_84' title='bbox 1378 1573 1553 1637; x_wconf 86' lang='lat' dir='ltr'>illam</span> <span class='ocrx_word' id='word_1_85' title='bbox 1625 1574 1963 1638; x_wconf 83' lang='lat' dir='ltr'>exstitisse.</span> <span class='ocrx_word' id='word_1_86' title='bbox 2078 1572 2336 1657; x_wconf 88' lang='lat' dir='ltr'>Ubique</span> <span class='ocrx_word' id='word_1_87' title='bbox 2405 1575 2574 1658; x_wconf 88' lang='lat' dir='ltr'>apud</span> <span class='ocrx_word' id='word_1_88' title='bbox 2642 1573 2834 1640; x_wconf 91' lang='lat' dir='ltr'>Hom.</span> 
     </span>
     <span class='ocr_line' id='line_1_14' title="bbox 708 1687 2832 1775; baseline 0.001 -24"><span class='ocrx_word' id='word_1_89' title='bbox 708 1692 984 1774; x_wconf 79' lang='grc' dir='ltr'><strong>γίγνομαι</strong></span> <span class='ocrx_word' id='word_1_90' title='bbox 1053 1690 1217 1775; x_wconf 82' lang='lat' dir='ltr'>legit</span> <span class='ocrx_word' id='word_1_91' title='bbox 1289 1689 1540 1754; x_wconf 81' lang='lat' dir='ltr'>Curtius</span> <span class='ocrx_word' id='word_1_92' title='bbox 1611 1691 1896 1773; x_wconf 83' lang='lat' dir='ltr'>exceptis</span> <span class='ocrx_word' id='word_1_93' title='bbox 1967 1691 2209 1755; x_wconf 85' lang='lat' dir='ltr'>duobus</span> <span class='ocrx_word' id='word_1_94' title='bbox 2269 1689 2425 1754; x_wconf 87' lang='lat' dir='ltr'>locis</span> <span class='ocrx_word' id='word_1_95' title='bbox 2474 1687 2575 1769; x_wconf 91' lang='lat' dir='ltr'>(Il.</span> <span class='ocrx_word' id='word_1_96' title='bbox 2621 1687 2832 1754; x_wconf 89' lang='lat' dir='ltr'><strong>XXII.</strong></span> 
     </span>
     <span class='ocr_line' id='line_1_15' title="bbox 708 1797 2835 1889; baseline -0 -20"><span class='ocrx_word' id='word_1_97' title='bbox 708 1805 870 1871; x_wconf 83' lang='lat'>477:</span> <span class='ocrx_word' id='word_1_98' title='bbox 942 1805 1292 1889; x_wconf 77' lang='grc' dir='ltr'><strong>γεινόμεθα,</strong></span> <span class='ocrx_word' id='word_1_99' title='bbox 1365 1804 1481 1870; x_wconf 86' lang='lat' dir='ltr'>Od.</span> <span class='ocrx_word' id='word_1_100' title='bbox 1554 1802 1670 1871; x_wconf 89' lang='lat' dir='ltr'>IV.</span> <span class='ocrx_word' id='word_1_101' title='bbox 1743 1806 1905 1871; x_wconf 85' lang='lat'>208:</span> <span class='ocrx_word' id='word_1_102' title='bbox 1978 1797 2346 1889; x_wconf 48' lang='grc' dir='ltr'><strong>γεινομένῳ),</strong></span> <span class='ocrx_word' id='word_1_103' title='bbox 2416 1806 2527 1870; x_wconf 92' lang='lat' dir='ltr'>ubi</span> <span class='ocrx_word' id='word_1_104' title='bbox 2597 1807 2835 1869; x_wconf 80' lang='lat' dir='ltr'>formas</span> 
     </span>
     <span class='ocr_line' id='line_1_16' title="bbox 709 1920 2831 2006; baseline 0 -20"><span class='ocrx_word' id='word_1_105' title='bbox 709 1923 889 1986; x_wconf 85' lang='lat' dir='ltr'>verbi</span> <span class='ocrx_word' id='word_1_106' title='bbox 958 1924 1230 2005; x_wconf 77' lang='grc' dir='ltr'><strong>γείνομαι</strong></span> <span class='ocrx_word' id='word_1_107' title='bbox 1299 1920 1405 2003; x_wconf 85' lang='lat' dir='ltr'>(ex</span> <span class='ocrx_word' id='word_1_108' title='bbox 1474 1923 1843 2006; x_wconf 68' lang='grc' dir='ltr'><strong>γεν-]ο-μαι)</strong></span> <span class='ocrx_word' id='word_1_109' title='bbox 1914 1925 2232 2005; x_wconf 59' lang='lat' dir='ltr'>usurpata</span> <span class='ocrx_word' id='word_1_110' title='bbox 2291 1922 2506 1987; x_wconf 87' lang='lat' dir='ltr'>Etiam</span> <span class='ocrx_word' id='word_1_111' title='bbox 2569 1921 2831 1986; x_wconf 85' lang='lat' dir='ltr'>Hesiod.</span> 
     </span>
     <span class='ocr_line' id='line_1_17' title="bbox 708 2035 2831 2123; baseline -0 -22"><span class='ocrx_word' id='word_1_112' title='bbox 708 2037 949 2123; x_wconf 85' lang='lat' dir='ltr'>Theog.</span> <span class='ocrx_word' id='word_1_113' title='bbox 1034 2040 1117 2102; x_wconf 85' lang='lat'>82</span> <span class='ocrx_word' id='word_1_114' title='bbox 1200 2041 1579 2121; x_wconf 79' lang='grc' dir='ltr'><strong>γεινομένους</strong></span> <span class='ocrx_word' id='word_1_115' title='bbox 1661 2037 1876 2122; x_wconf 84' lang='lat' dir='ltr'>legere</span> <span class='ocrx_word' id='word_1_116' title='bbox 1946 2038 2084 2101; x_wconf 84' lang='lat' dir='ltr'>vult</span> <span class='ocrx_word' id='word_1_117' title='bbox 2154 2037 2408 2102; x_wconf 82' lang='lat' dir='ltr'>Curtius</span> <span class='ocrx_word' id='word_1_118' title='bbox 2477 2037 2704 2120; x_wconf 86' lang='lat' dir='ltr'>(Verb.</span> <span class='ocrx_word' id='word_1_119' title='bbox 2780 2035 2831 2101; x_wconf 90' lang='lat' dir='ltr'>I.</span> 
     </span>
     <span class='ocr_line' id='line_1_18' title="bbox 710 2152 2833 2237; baseline -0 -18"><span class='ocrx_word' id='word_1_120' title='bbox 710 2156 885 2232; x_wconf 84' lang='lat'><strong>313).</strong></span> <span class='ocrx_word' id='word_1_121' title='bbox 1000 2152 1231 2218; x_wconf 80' lang='lat' dir='ltr'>Contra</span> <span class='ocrx_word' id='word_1_122' title='bbox 1303 2153 1517 2219; x_wconf 84' lang='lat' dir='ltr'>Christ</span> <span class='ocrx_word' id='word_1_123' title='bbox 1594 2153 1828 2237; x_wconf 88' lang='lat' dir='ltr'>ubique</span> <span class='ocrx_word' id='word_1_124' title='bbox 1907 2156 2165 2237; x_wconf 81' lang='grc' dir='ltr'><strong>γίνομαι,</strong></span> <span class='ocrx_word' id='word_1_125' title='bbox 2245 2155 2514 2231; x_wconf 77' lang='grc' dir='ltr'><strong>γινώσκω</strong></span> <span class='ocrx_word' id='word_1_126' title='bbox 2591 2155 2833 2218; x_wconf 84' lang='lat' dir='ltr'>formas</span> 
     </span>
     <span class='ocr_line' id='line_1_19' title="bbox 709 2266 2900 2354; baseline 0 -21"><span class='ocrx_word' id='word_1_127' title='bbox 709 2269 1038 2353; x_wconf 83' lang='lat' dir='ltr'>usurpavit</span> <span class='ocrx_word' id='word_1_128' title='bbox 1108 2273 1172 2334; x_wconf 89' lang='lat' dir='ltr'>et</span> <span class='ocrx_word' id='word_1_129' title='bbox 1203 2314 1208 2319; x_wconf 90' lang='lat'><em>-</em></span> <span class='ocrx_word' id='word_1_130' title='bbox 1241 2270 1319 2333; x_wconf 90' lang='lat' dir='ltr'>ad</span> <span class='ocrx_word' id='word_1_131' title='bbox 1391 2266 1464 2333; x_wconf 91' lang='lat' dir='ltr'>Il.</span> <span class='ocrx_word' id='word_1_132' title='bbox 1538 2267 1619 2333; x_wconf 89' lang='lat' dir='ltr'>V.</span> <span class='ocrx_word' id='word_1_133' title='bbox 1673 2270 1797 2333; x_wconf 83' lang='lat'>182</span> <span class='ocrx_word' id='word_1_134' title='bbox 1845 2269 1983 2333; x_wconf 79' lang='lat' dir='ltr'>haee</span> <span class='ocrx_word' id='word_1_135' title='bbox 2032 2271 2389 2335; x_wconf 76' lang='lat' dir='ltr'>adnotavit:</span> <span class='ocrx_word' id='word_1_136' title='bbox 2449 2270 2836 2354; x_wconf 78' lang='lat' dir='ltr'>„scripturas</span> <span class='ocrx_word' id='word_1_137' title='bbox 2885 2285 2900 2298; x_wconf 79' lang='grc'><em>“</em></span> 
     </span>
     <span class='ocr_line' id='line_1_20' title="bbox 709 2377 2836 2471; baseline 0.002 -24"><span class='ocrx_word' id='word_1_138' title='bbox 709 2388 1017 2464; x_wconf 77' lang='grc' dir='ltr'><strong>γινώσκειν</strong></span> <span class='ocrx_word' id='word_1_139' title='bbox 1086 2389 1150 2449; x_wconf 89' lang='lat' dir='ltr'>et</span> <span class='ocrx_word' id='word_1_140' title='bbox 1219 2379 1497 2463; x_wconf 83' lang='grc' dir='ltr'><strong>γίνεσθαι</strong></span> <span class='ocrx_word' id='word_1_141' title='bbox 1568 2385 1862 2469; x_wconf 82' lang='lat' dir='ltr'>antiquas</span> <span class='ocrx_word' id='word_1_142' title='bbox 1909 2377 2463 2471; x_wconf 70' lang='lat' dir='ltr'>Aristarchei&#39;sque</span> <span class='ocrx_word' id='word_1_143' title='bbox 2511 2388 2836 2471; x_wconf 78' lang='lat' dir='ltr'>probataS,</span> 
     </span>
     <span class='ocr_line' id='line_1_21' title="bbox 709 2501 2837 2596; baseline 0.001 -34"><span class='ocrx_word' id='word_1_144' title='bbox 709 2504 1053 2580; x_wconf 74' lang='grc' dir='ltr'><strong>γιγνώσκειν</strong></span> <span class='ocrx_word' id='word_1_145' title='bbox 1112 2505 1177 2565; x_wconf 89' lang='lat' dir='ltr'>et</span> <span class='ocrx_word' id='word_1_146' title='bbox 1223 2501 1536 2580; x_wconf 77' lang='grc' dir='ltr'><strong>γίγνεσθαι</strong></span> <span class='ocrx_word' id='word_1_147' title='bbox 1583 2505 1873 2565; x_wconf 79' lang='lat' dir='ltr'>recentes</span> <span class='ocrx_word' id='word_1_148' title='bbox 1921 2506 1985 2565; x_wconf 84' lang='lat' dir='ltr'>et</span> <span class='ocrx_word' id='word_1_149' title='bbox 2029 2502 2112 2596; x_wconf 81' lang='lat' dir='ltr'>ab</span> <span class='ocrx_word' id='word_1_150' title='bbox 2161 2502 2501 2570; x_wconf 83' lang='lat' dir='ltr'>Heraclide</span> <span class='ocrx_word' id='word_1_151' title='bbox 2549 2503 2837 2567; x_wconf 81' lang='lat' dir='ltr'>invectas</span> 
     </span>
     <span class='ocr_line' id='line_1_22' title="bbox 709 2615 2838 2701; baseline 0 -20"><span class='ocrx_word' id='word_1_152' title='bbox 709 2640 844 2681; x_wconf 84' lang='lat' dir='ltr'>esse</span> <span class='ocrx_word' id='word_1_153' title='bbox 895 2618 1076 2681; x_wconf 84' lang='lat' dir='ltr'>docet</span> <span class='ocrx_word' id='word_1_154' title='bbox 1122 2615 1230 2682; x_wconf 91' lang='lat' dir='ltr'>W.</span> <span class='ocrx_word' id='word_1_155' title='bbox 1281 2617 1347 2681; x_wconf 84' lang='lat' dir='ltr'>C.</span> <span class='ocrx_word' id='word_1_156' title='bbox 1398 2615 1668 2701; x_wconf 84' lang='lat' dir='ltr'>Kayser,</span> <span class='ocrx_word' id='word_1_157' title='bbox 1717 2617 1785 2680; x_wconf 90' lang='lat' dir='ltr'>in</span> <span class='ocrx_word' id='word_1_158' title='bbox 1831 2616 2062 2683; x_wconf 82' lang='lat' dir='ltr'>Philol.</span> <span class='ocrx_word' id='word_1_159' title='bbox 2110 2616 2352 2682; x_wconf 87' lang='lat' dir='ltr'><strong>XVIII.</strong></span> <span class='ocrx_word' id='word_1_160' title='bbox 2405 2620 2589 2684; x_wconf 83' lang='lat'><strong>657.“</strong></span> <span class='ocrx_word' id='word_1_161' title='bbox 2676 2618 2838 2683; x_wconf 89' lang='lat' dir='ltr'>For-</span> 
     </span>
     <span class='ocr_line' id='line_1_23' title="bbox 683 2732 2837 2826; baseline 0 -28"><span class='ocrx_word' id='word_1_162' title='bbox 683 2745 878 2798; x_wconf 86' lang='lat' dir='ltr'>&#39;mam</span> <span class='ocrx_word' id='word_1_163' title='bbox 945 2736 1218 2826; x_wconf 69' lang='grc' dir='ltr'><strong>γείνομᾳι</strong></span> <span class='ocrx_word' id='word_1_164' title='bbox 1263 2732 1542 2797; x_wconf 85' lang='lat' dir='ltr'>Homero</span> <span class='ocrx_word' id='word_1_165' title='bbox 1591 2734 1960 2818; x_wconf 84' lang='lat' dir='ltr'>abjudicant</span> <span class='ocrx_word' id='word_1_166' title='bbox 2005 2757 2128 2799; x_wconf 87' lang='lat' dir='ltr'>van</span> <span class='ocrx_word' id='word_1_167' title='bbox 2176 2735 2490 2799; x_wconf 87' lang='lat' dir='ltr'>Leeuwen</span> <span class='ocrx_word' id='word_1_168' title='bbox 2539 2737 2603 2798; x_wconf 91' lang='lat' dir='ltr'>et</span> <span class='ocrx_word' id='word_1_169' title='bbox 2648 2734 2837 2799; x_wconf 89' lang='lat' dir='ltr'>Men-</span> 
     </span>
     <span class='ocr_line' id='line_1_24' title="bbox 711 2849 2836 2935; baseline 0 -21"><span class='ocrx_word' id='word_1_170' title='bbox 711 2851 819 2914; x_wconf 84' lang='lat' dir='ltr'>des</span> <span class='ocrx_word' id='word_1_171' title='bbox 889 2850 969 2913; x_wconf 89' lang='lat' dir='ltr'>da</span> <span class='ocrx_word' id='word_1_172' title='bbox 1038 2849 1226 2913; x_wconf 85' lang='lat' dir='ltr'>Costa</span> <span class='ocrx_word' id='word_1_173' title='bbox 1300 2851 1444 2928; x_wconf 86' lang='lat'>102,</span> <span class='ocrx_word' id='word_1_174' title='bbox 1517 2852 1758 2934; x_wconf 77' lang='grc' dir='ltr'><strong>γίνομαι</strong></span> <span class='ocrx_word' id='word_1_175' title='bbox 1797 2851 1899 2914; x_wconf 65' lang='grc' dir='ltr'>αἱ)</span> <span class='ocrx_word' id='word_1_176' title='bbox 1947 2850 2226 2915; x_wconf 87' lang='lat' dir='ltr'>Homero</span> <span class='ocrx_word' id='word_1_177' title='bbox 2271 2854 2648 2935; x_wconf 85' lang='lat' dir='ltr'>usurpatum</span> <span class='ocrx_word' id='word_1_178' title='bbox 2696 2873 2836 2915; x_wconf 83' lang='lat' dir='ltr'>esse</span> 
     </span>
     <span class='ocr_line' id='line_1_25' title="bbox 708 2963 2837 3052; baseline 0.001 -23"><span class='ocrx_word' id='word_1_179' title='bbox 708 2969 951 3051; x_wconf 85' lang='lat' dir='ltr'>negant</span> <span class='ocrx_word' id='word_1_180' title='bbox 1020 2966 1122 3030; x_wconf 88' lang='lat'>79.</span> <span class='ocrx_word' id='word_1_181' title='bbox 1219 2964 1510 3049; x_wconf 88' lang='lat' dir='ltr'>Denique</span> <span class='ocrx_word' id='word_1_182' title='bbox 1582 2966 1655 3031; x_wconf 78' lang='lat' dir='ltr'>G.</span> <span class='ocrx_word' id='word_1_183' title='bbox 1705 2966 1927 3050; x_wconf 86' lang='lat' dir='ltr'>Meyer</span> <span class='ocrx_word' id='word_1_184' title='bbox 1974 2963 2112 3030; x_wconf 71' lang='lat'>454·</span> <span class='ocrx_word' id='word_1_185' title='bbox 2152 2968 2422 3050; x_wconf 80' lang='grc' dir='ltr'><strong>γείνομαι</strong></span> <span class='ocrx_word' id='word_1_186' title='bbox 2469 2970 2837 3052; x_wconf 84' lang='lat' dir='ltr'>suspectum</span> 
     </span>
     <span class='ocr_line' id='line_1_26' title="bbox 709 3058 1264 3147; baseline 0.005 -3"><span class='ocrx_word' id='word_1_187' title='bbox 709 3081 945 3147; x_wconf 87' lang='lat' dir='ltr'>habere</span> <span class='ocrx_word' id='word_1_188' title='bbox 994 3058 1264 3147; x_wconf 77' lang='lat' dir='ltr'>videtur.</span> 
     </span>
    </p>
   </div>
   <div class='ocr_carea' id='block_1_3' title="bbox 1715 3311 1829 3378">
    <p class='ocr_par' dir='ltr' id='par_1_3' title="bbox 1715 3311 1829 3378">
     <span class='ocr_line' id='line_1_27' title="bbox 1715 3311 1829 3378; baseline 0.018 -2"><span class='ocrx_word' id='word_1_189' title='bbox 1715 3311 1829 3378; x_wconf 90' lang='lat' dir='ltr'>IV.</span> 
     </span>
    </p>
   </div>
   <div class='ocr_carea' id='block_1_4' title="bbox 888 3453 2762 3543">
    <p class='ocr_par' dir='ltr' id='par_1_4' title="bbox 888 3453 2762 3543">
     <span class='ocr_line' id='line_1_28' title="bbox 888 3453 2762 3543; baseline 0 -20"><span class='ocrx_word' id='word_1_190' title='bbox 888 3455 989 3523; x_wconf 87' lang='lat' dir='ltr'>De</span> <span class='ocrx_word' id='word_1_191' title='bbox 1037 3478 1103 3527; x_wconf 86' lang='grc' dir='ltr'>ω,</span> <span class='ocrx_word' id='word_1_192' title='bbox 1154 3475 1241 3526; x_wconf 80' lang='grc' dir='ltr'>οι),</span> <span class='ocrx_word' id='word_1_193' title='bbox 1291 3476 1347 3517; x_wconf 84' lang='grc' dir='ltr'>οι</span> <span class='ocrx_word' id='word_1_194' title='bbox 1392 3455 1871 3542; x_wconf 82' lang='lat' dir='ltr'>productione</span> <span class='ocrx_word' id='word_1_195' title='bbox 1920 3455 2378 3543; x_wconf 83' lang='lat' dir='ltr'>suppletoria</span> <span class='ocrx_word' id='word_1_196' title='bbox 2424 3453 2633 3524; x_wconf 74' lang='lat' dir='ltr'>ortiS.</span> <span class='ocrx_word' id='word_1_197' title='bbox 2755 3487 2762 3496; x_wconf 89' lang='lat'>·</span> 
     </span>
    </p>
   </div>
   <div class='ocr_carea' id='block_1_5' title="bbox 713 3623 2841 4102">
    <p class='ocr_par' dir='ltr' id='par_1_5' title="bbox 921 3623 2841 3710">
     <span class='ocr_line' id='line_1_29' title="bbox 921 3623 2841 3710; baseline -0.001 -18"><span class='ocrx_word' id='word_1_198' title='bbox 921 3623 1008 3692; x_wconf 87' lang='lat' dir='ltr'>A.</span> <span class='ocrx_word' id='word_1_199' title='bbox 1079 3623 1498 3690; x_wconf 83' lang='lat' dir='ltr'>Accusativus</span> <span class='ocrx_word' id='word_1_200' title='bbox 1530 3625 1824 3710; x_wconf 63' lang='lat' dir='ltr'>*pluralis</span> <span class='ocrx_word' id='word_1_201' title='bbox 1880 3626 2176 3710; x_wconf 86' lang='lat' dir='ltr'>stirpium</span> <span class='ocrx_word' id='word_1_202' title='bbox 2222 3649 2338 3710; x_wconf 84' lang='lat' dir='ltr'>per</span> <span class='ocrx_word' id='word_1_203' title='bbox 2386 3648 2417 3688; x_wconf 87' lang='lat'>0</span> <span class='ocrx_word' id='word_1_204' title='bbox 2465 3627 2841 3691; x_wconf 86' lang='lat' dir='ltr'>exeuntium</span> 
     </span>
    </p>

    <p class='ocr_par' dir='ltr' id='par_1_6' title="bbox 713 3766 2839 4102">
     <span class='ocr_line' id='line_1_30' title="bbox 1587 3766 1955 3832; baseline 0.003 -1"><span class='ocrx_word' id='word_1_205' title='bbox 1587 3767 1653 3831; x_wconf 90' lang='lat' dir='ltr'>in</span> <span class='ocrx_word' id='word_1_206' title='bbox 1698 3768 1781 3831; x_wconf 89' lang='lat' dir='ltr'>id.</span> <span class='ocrx_word' id='word_1_207' title='bbox 1832 3766 1955 3832; x_wconf 90' lang='lat' dir='ltr'>XV</span> 
     </span>
     <span class='ocr_line' id='line_1_31' title="bbox 713 3901 2838 3985; baseline 0.002 -22"><span class='ocrx_word' id='word_1_208' title='bbox 713 3922 796 3971; x_wconf 84' lang='grc' dir='ltr'>ως</span> <span class='ocrx_word' id='word_1_209' title='bbox 863 3906 969 3980; x_wconf 86' lang='lat' dir='ltr'>(ex</span> <span class='ocrx_word' id='word_1_210' title='bbox 1038 3902 1163 3985; x_wconf 87' lang='grc' dir='ltr'><strong>ονς)</strong></span> <span class='ocrx_word' id='word_1_211' title='bbox 1210 3901 1743 3982; x_wconf 85' lang='lat' dir='ltr'>terminationem,</span> <span class='ocrx_word' id='word_1_212' title='bbox 1791 3903 2123 3966; x_wconf 79' lang='lat' dir='ltr'>severioris</span> <span class='ocrx_word' id='word_1_213' title='bbox 2165 3902 2419 3966; x_wconf 85' lang='lat' dir='ltr'>Doridis</span> <span class='ocrx_word' id='word_1_214' title='bbox 2447 3969 2452 3976; x_wconf 52' lang='lat'>‚</span> <span class='ocrx_word' id='word_1_215' title='bbox 2481 3904 2838 3985; x_wconf 82' lang='lat' dir='ltr'>propriam,</span> 
     </span>
     <span class='ocr_line' id='line_1_32' title="bbox 713 4013 2839 4102; baseline -0.001 -21"><span class='ocrx_word' id='word_1_216' title='bbox 713 4017 987 4100; x_wconf 84' lang='lat' dir='ltr'>recepit:</span> <span class='ocrx_word' id='word_1_217' title='bbox 1040 4013 1484 4102; x_wconf 82' lang='grc' dir='ltr'>ἑπταδράχμως</span> <span class='ocrx_word' id='word_1_218' title='bbox 1530 4042 1589 4083; x_wconf 87' lang='lat' dir='ltr'>v.</span> <span class='ocrx_word' id='word_1_219' title='bbox 1644 4020 1746 4098; x_wconf 87' lang='lat'>19,</span> <span class='ocrx_word' id='word_1_220' title='bbox 1796 4022 1997 4088; x_wconf 79' lang='grc' dir='ltr'><strong>πόκως</strong></span> <span class='ocrx_word' id='word_1_221' title='bbox 2043 4042 2101 4084; x_wconf 88' lang='lat' dir='ltr'>v.</span> <span class='ocrx_word' id='word_1_222' title='bbox 2152 4021 2256 4095; x_wconf 84' lang='lat'>20,</span> <span class='ocrx_word' id='word_1_223' title='bbox 2306 4019 2601 4102; x_wconf 79' lang='grc' dir='ltr'><strong>χρησμώς</strong></span> <span class='ocrx_word' id='word_1_224' title='bbox 2631 4042 2690 4084; x_wconf 81' lang='lat' dir='ltr'>v,</span> <span class='ocrx_word' id='word_1_225' title='bbox 2730 4022 2839 4101; x_wconf 83' lang='lat'>63,</span> 
     </span>
    </p>
   </div>
   <div class='ocr_carea' id='block_1_6' title="bbox 1042 4142 3053 4859">
    <p class='ocr_par' dir='ltr' id='par_1_7' title="bbox 1042 4142 3053 4859">
     <span class='ocr_line' id='line_1_33' title="bbox 1042 4142 3053 4859; baseline 0 0"><span class='ocrx_word' id='word_1_226' title='bbox 1042 4142 3053 4859; x_wconf 95' lang='lat' dir='ltr'> </span> 
     </span>
    </p>
   </div>
  </div>
 </body>
</html>
