3109 4859
1211 361 1541 472 -773—

311 541 434 605 tino
481 563 641 623 com,
690 563 959 627 quocum
1006 541 1321 606 cohaereat
1352 562 1632 626 graecum
1664 544 1885 613 κοινός,
1919 540 2173 606 omnino
2204 542 2419 625 sejun-

308 658 578 743 gendum
630 679 765 723 esse
800 659 999 723 docet.
1093 656 1337 722 Ibidem
1373 658 1476 720 σῦν
1509 658 1776 744 eandem
1810 680 1946 722 esse
1977 679 2196 722 vocem
2231 660 2421 742 atque

309 772 392 845 ξῦν
438 796 712 860 negasse
763 775 995 839 dieitur
1040 774 1220 839 Fick.

1291 980 1433 1046 XV.

961 1122 1067 1190 De
1115 1121 1364 1191 aeolieo
1413 1122 1487 1185 σδ
1530 1143 1662 1212 pro
1712 1114 1760 1194 ζ.

1152 1266 1227 1332 In
1273 1268 1359 1332 id.
1405 1267 1564 1334 XV:

505 1379 862 1465 ἀγοράσδων
907 1407 966 1448 v.
1020 1386 1122 1462 16,
1171 1382 1386 1445 παῖσδε
1434 1407 1492 1449 v.
1544 1386 1649 1464 42,
1701 1382 1981 1447 ἔπαισδον
2014 1407 2072 1449 v.
2108 1386 2214 1462 49,
2261 1384 2419 1446 πλα-

298 1498 668 1561 τειάσδοισαι
714 1524 772 1564 v.
823 1502 929 1580 88,
980 1498 1265 1582 δωρίσδεν
1311 1524 1370 1564 v.
1422 1502 1524 1565 93.

441 1683 452 1698 ‚
504 1619 536 1687 ζ
587 1639 737 1681 vero
784 1618 1108 1700 praebent:

501 1732 764 1803 καθίζει)
811 1756 869 1798 v.
920 1735 981 1811 3,
1031 1733 1213 1804 λάζευ
1263 1757 1319 1796 v.
1356 1735 1462 1814 21,
1494 1735 1777 1817 χρῄζοντι
1807 1757 1866 1798 v.
1903 1735 2008 1815 28,
2040 1729 2413 1818 χαριζομένα

293 1868 347 1911 v.
397 1850 550 1928 109,
603 1845 734 1920 ὄζον
784 1885 862 1894 -·
915 1846 1030 1920 ὄζω
1075 1873 1137 1915 v.
1188 1851 1335 1914 122.
2115 1893 2124 1906 ·

502 1965 606 2029 De
652 1964 772 2028 hae
820 1966 1170 2031 mutatione
1216 1965 1360 2030 vide
1408 1964 1567 2031 Ahr.
1619 1965 1813 2030 Diall.
1863 1962 1913 2029 Ι.
1964 1965 2046 2030 47
2096 1987 2295 2050 seqq„
2329 1963 2413 2030 II.

294 2079 578 2160 94—-95‚
625 2080 861 2146 Morsb.
913 2082 1087 2147 Curt.
1136 2083 1311 2146 stud.
1362 2081 1440 2146 X.
1493 2082 1774 2162 32-37,
1823 2081 2088 2145 Meister
2132 2081 2326 2146 Diall.
2362 2079 2413 2145 Ι.

296 2175 639 2261 130—131
694 2199 758 2260 et
806 2196 978 2262 Curt.
1030 2196 1207 2264 Stud.
1254 2197 1368 2263 IV.
1418 2199 1570 2274 410,
1605 2197 1789 2263 Blass
1831 2196 2272 2280 „Ausspraehe
2307 2198 2416 2261 des

292 2309 783 2377 Griechisehen“
843 2315 1167 2393 95—102,
1216 2313 1290 2379 G.
1340 2315 1562 2399 Meyer
1609 2315 1756 2393 219,
1806 2316 1956 2392 262,
2005 2314 2380 2378 274-275,

505 2428 759 2494 Certam
807 2430 999 2513 hujus
1047 2431 1412 2496 mutationis
1443 2431 1658 2516 legem
1689 2431 2073 2495 constituere
2106 2451 2229 2493 non
2263 2452 2413 2514 pos-

290 2540 525 2611 sumus,
619 2544 695 2609 In
766 2567 933 2610 voce.
1006 2543 1141 2616 ὄζος
1211 2546 1322 2627 (=
1394 2548 1677 2612 indoeur.
1748 2547 1898 2611 ozdo
1970 2583 2051 2616 τ-
2113 2546 2211 2610 cfr
2255 2547 2412 2612 lesb.

290 2653 490 2738 ὄσδος)
542 2665 606 2725 et
647 2657 755 2733 ἵζω
800 2666 910 2736 (=-
961 2660 1231 2738 σι-Ζδ-ω)
1280 2667 1376 2727 est
1425 2665 1453 2734 ζ
1503 2693 1585 2717 =
1633 2663 2089 2748 primigenium
2128 2662 2410 2727 indoeur.
2514 2729 2523 2742 ‚

287 2776 380 2858 zd,
430 2778 502 2841 in
549 2800 722 2842 voce.
773 2774 1110 2863 Ἀθήναζε,
1160 2781 1401 2863 χαμᾶζε
1450 2782 1599 2843 cett.
1648 2780 1714 2844 in
1760 2780 1901 2864 ipsa
1947 2779 2415 2866 graeca·lingua

290 2891 316 2959 ζ
360 2913 439 2957 ex
495 2892 568 2954 σδ
612 2897 820 2958 ortum
868 2898 985 2976 est,
1031 2894 1098 2958 in
1147 2894 1290 2959 aliis
1336 2916 1505 2959 voce.
1558 2900 1653 2959 est
1699 2898 1729 2966 ζ
1777 2924 1859 2948 ---
1896 2894 1951 2980 δ]
1988 2896 2115 2977 (vel
2157 2896 2246 2980 η’)
2278 2895 2412 2959 vel-

293 3011 353 3070 ut
396 3006 699 3091 ἀγοράζω,
751 3007 943 3093 epita),
992 3013 1202 3085 παίζω,
1253 3005 1480 3092 δωρίζω
1526 3015 1697 3090 cett„
1746 3034 1888 3095 quae
1934 3012 2002 3076 in
2045 3012 2203 3077 lesb.
2261 3011 2409 3076 dial.

293 3120 351 3186 in
396 3122 560 3187 -σδω
607 3131 857 3192 exeunt.
953 3128 1063 3192 Ofr
1110 3126 1182 3192 G.
1233 3127 1456 3210 Meyer
1502 3132 1569 3191 et
1613 3127 1878 3192 Meister
1924 3128 1991 3192 ll.
2042 3150 2132 3193 ec,

683 3265 759 3332 In
804 3270 889 3334 id.
939 3270 1124 3335 XXII
1171 3271 1531 3355 hujusmodi
1579 3271 1742 3335 nihil
1790 3274 2016 3335 exstat.

1259 3501 1434 3569 XVI.

548 3646 642 3713 De
690 3643 1002 3712 flexione
1050 3644 1391 3733 stirpium
1438 3667 1569 3734 per
1618 3668 1657 3708 α
1705 3643 2149 3714 exeuntium.
2190 3611 2197 3618 ι

1137 3778 1214 3843 In
1258 3781 1343 3845 id.
1392 3781 1542 3847 XV:

504 3911 599 3977 De
671 3916 799 3980 dor.
874 3921 914 3975 ᾶ
980 3938 1096 3998 pro
1165 3915 1443 3979 ion-att.
1514 3937 1575 4001 η,
1637 3917 1712 3981 de
1760 3937 1915 3979 -αων
1964 3916 2409 3982 terminatione

292 4024 559 4105 genitivi
631 4031 793 4113 plur.
864 4031 930 4095 in
992 4031 1125 4096 dor.
1176 4040 1282 4093 -ᾶν
1330 4035 1681 4115 contracta,
1731 4034 1806 4099 de
1855 4032 2200 4098 accusativi
2243 4033 2408 4117 plur.
