3109 4859
1459 354 1918 434 '—74--

689 549 1136 614 terminatione
1212 569 1322 619 -ας
1405 552 1700 632 correpta
1777 550 2001 631 (θυρας
2076 572 2133 613 v.
2215 550 2325 632 65)
2400 571 2593 633 supra
2667 546 2792 610 dis-

687 666 930 749 putavi.
1377 753 1384 760 ἱ

901 781 1172 846 Dabivus
1217 782 1381 866 plur,
1430 781 1497 846 in
1543 802 1679 851 -αις
1727 781 1987 846 desinib:

902 893 1209 967 ἀλλάλαις
1267 897 1456 981 (quod
1508 898 1747 982 excipit
1794 902 2089 975 consona)
2138 922 2195 962 v.
2250 900 2350 978 10,
2400 895 2794 981 Συρακοσίαις

688 1014 882 1097 (quod
931 1014 1168 1098 excipih
1212 1015 1478 1098 vocalis)
1527 1038 1586 1080 v.
1639 1017 1743 1079 90.

1505 1156 1582 1223 In
1627 1158 1712 1223 id.
1760 1156 1981 1223 XXII:

897 1298 983 1367 A.
1079 1300 1175 1363 De
1225 1301 1469 1365 ratione
1517 1321 1658 1385 quae
1708 1304 1805 1364 est
1850 1302 2017 1365 inber
2065 1323 2105 1363 α
2156 1306 2220 1367 eb
2265 1323 2304 1387 η
2350 1304 2416 1366 in
2463 1300 2797 1386 singularis

687 1416 932 1480 numeri
1004 1416 1273 1493 casibUS,
1345 1417 1421 1480 de
1469 1405 1753 1502 genitivo
1799 1418 1984 1501 plur„
2033 1418 2141 1503 qui
2186 1422 2286 1482 ter
2329 1422 2579 1484 tantum
2625 1416 2798 1481 nobis

686 1532 960 1595 occurrit
1006 1532 1188 1612 (τάων
1217 1556 1278 1596 v.
1315 1534 1463 1612 161,
1498 1530 2093 1611 λιγεῶν-Μουσέων
2124 1559 2183 1599 v.
2219 1537 2372 1612 221)
2406 1536 2550 1601 vide
2584 1555 2790 1617 supra.

897 1647 1270 1713 Accusativi
1317 1648 1480 1733 plur.
1527 1651 1892 1715 terminatio
1939 1672 2048 1722 -οις
2095 1651 2328 1735 ubique
2375 1652 2573 1737 longa
2620 1653 2731 1716 est.

897 1816 1003 1921 B..
1069 1791 1316 1883 Formae
1369 1780 1565 1885 dativi
1610 1821 1911 1905 pluralis:

901 1963 965 2042 1)
1013 1960 1404 2028 Terminatio
1449 1985 1603 2036 -αις,
1652 1947 1792 2047 quae
1841 1964 1905 2028 in
1954 1967 2090 2041 att„
2140 1966 2366 2043 boeot„
2402 1966 2531 2031 dor.
2569 1965 2795 2030 'dialec-

684 2077 766 2140 tis
815 2077 1172 2143 dominatur
1219 2082 1408 2163 atque
1444 2080 1510 2143 in
1541 2080 1699 2144 lesb.
1736 2081 2006 2144 dialecto
2041 2082 2121 2145 ad
2154 2082 2489 2145 arbitrium
2524 2081 2791 2164 (semper

686 2192 842 2283 ταῖς)
911 2200 1252 2278 usurpatur
1319 2198 1429 2260 sed
1476 2196 1644 2279 apud
1697 2196 2043 2262 Homerum
2090 2200 2331 2262 tantum
2381 2200 2481 2260 ter
2516 2195 2587 2277 1),
2638 2194 2793 2279 apud

686 2307 1032 2374 Hesiodum
1078 2311 1446 2394 quindecies
1491 2312 1812 2376 invenitur
1858 2310 1960 2393 (G.
2008 2311 2230 2396 Meyer
2278 2314 2453 2396 359),
2502 2313 2607 2377 his
2653 2310 2796 2377 locis

682 2426 865 2491 nobis
912 2428 1218 2493 occurrib:

896 2543 963 2606 in
1015 2544 1188 2607 exitu
1234 2566 1564 2608 versuum:
1615 2541 1831 2629 ἀήταις
1876 2568 1934 2609 v.
1986 2549 2046 2625 9,
2093 2545 2400 2629 χαλάζαις
2445 2567 2500 2609 v.
2558 2548 2798 2627 16,“με-

594 2745 603 2756 ο
686 2659 926 2729 λίσσαις
970 2682 1029 2723 v.
1079 2661 1184 2740 42,
1234 2668 1496 2743 πυγμαῖς
1541 2683 1602 2725 v.
1651 2662 1756 2740 45,
1809 2659 2003 2730 δίναις
2046 2685 2107 2727 v.
2158 2664 2261 2741 50,
2312 2662 2539 2742 βοείαις
2589 2687 2659 2728 v..
2700 2662 2797 2737 80,

633 2861 637 2866 .
685 2774 949 2860 πληγαῖς
994 2800 1052 2841 v.
1107 2777 1250 2852 110,
1301 2776 1560 2862 νὺμφαις
1604 2800 1666 2841 v.
1717 2778 1876 2851 1453

897 2894 1043 2956 ante
1109 2913 1478 2959 consonam:
1551 2902 1786 2963 πνοιαῖς
1852 2918 1910 2958 v.
1987 2896 2087 2973 16,
2138 2888 2381 2963 λασίαις
2427 2917 2483 2958 v.
2536 2896 2646 2974 42,
2697 2913 2799 2976 με·

684 3007 905 3098 γοίλαις
948 3031 1008 3071 v.
1058 3009 1164 3088 50,
1211 3009 1474 3093 πληγαῖς
1518 3032 1578 3074 v.
1629 3012 1734 3088 98,
1769 3006 2119 3091 ἀλλοτρίαις
2148 3031 2208 3073 v.
2248 3010 2393 3088 146,
2428 3006 2525 3079 αἶς
2556 3030 2615 3076 v.
2658 3008 2799 3086 155,

686 3118 1086 3204 Τυνδαρίδαις
1130 3147 1188 3189 v.
1241 3126 1402 3201 2123

898 3244 1042 3311 ante
1090 3240 1409 3306 vocalem:
1460 3237 1861 3323 Τυνδαρίδαις
1906 3264 1964 3306 v.
2015 3243 2162 3306 216.

898 3358 965 3440 2)
1014 3355 1188 3422 Inter
1257 3356 1497 3440 -ῃοι(ν),
1571 3379 1712 3441 quae
1782 3358 2147 3421 terminatio
2196 3359 2331 3422 sola
2380 3360 2546 3442 apud
2597 3358 2800 3422 Hero-

687 3474 916 3554 dussum,
978 3474 1325 3558 saepissime
1374 3474 1542 3557 apud
1612 3472 1977 3553 Homerum,
2027 3473 2394 3554 Hesiodum,
2444 3475 2794 3559 elegiarum

903 3696 942 3766 ¹)
981 3698 1042 3752 In
1084 3698 1237 3753 exitu
1277 3715 1563 3752 versuum:
1617 3695 1807 3755 πάσαις
1846 3697 1945 3751 Od.
1983 3697 2152 3751 XXII.
2191 3698 2313 3762 471,
2355 3696 2536 3756 ἀκταῖς
2573 3698 2639 3751 Il.
2682 3696 2797 3753 XH.

687 3790 811 3854 :ll-³45
851 3791 981 3843 ante
1019 3787 1294 3842 vocalem:
1333 3786 1490 3845 θεαῖς
1529 3786 1629 3840 od.
1668 3787 1733 3841 V.
1778 3787 1892 3840 119.
1920 3817 1987 3826 ——
2015 3787 2119 3841 Pro
2147 3785 2337 3846 πάσαις
2364 3787 2398 3840 l.
2429 3805 2471 3840 c.
2501 3787 2798 3856 legendum

687 3897 800 3933 asse
856 3876 1084 3939 πασέων,
1140 3880 1349 3932 ceteros
1388 3877 1523 3930 duos
1562 3876 1709 3930 locos
1748 3876 2067 3931 Homericos
2105 3879 2389 3945 corruptos
2429 3877 2518 3931 vel
2555 3876 2799 3943 interpo-

691 3969 827 4023 lat-os
867 3986 983 4023 esse
1022 3968 1365 4022 contendunt
1410 3985 1520 4020 van
1557 3965 1821 4021 Leeuwen
1861 3969 1918 4020 et
1954 3966 2179 4020 Mendes
2217 3966 2289 4019 da
2328 3965 2493 4020 Costa.
2530 3967 2595 4020 37
2635 3966 2797 4019 Anm.

687 4065 731 4109 Ξ..
808 4056 994 4113 Christ
1019 4075 1128 4127 pro
1168 4056 1350 4119 ἀκταῖς
1387 4058 1423 4109 l.
1464 4074 1508 4111 c.
1549 4053 1683 4125 ἀκτῇ
1723 4054 1915 4110 edidit.
