3109 4859
1204 335 1593 400 -121—

323 535 438 597 pp.
494 513 756 577 85-86
805 536 1006 597 pauca
1053 514 1208 579 fecit
1269 516 1484 580 verba.
1576 514 1955 599 Hujusmodi
2011 509 2456 599 producfiioncs

321 630 391 692 in
417 652 695 705 ,summa
740 631 1039 715 leguntur
1083 635 1212 696 tres
1236 637 1239 642 ’
1260 635 1324 695 et
1368 632 1695 717 octoginta
1736 632 1802 695 in
1834 631 1999 695 thesi
2033 629 2083 711 Ι,
2117 632 2451 716 sexaginta

321 746 389 809 in
441 746 617 810 thesi
686 744 768 821 ΙΙ,
841 747 979 811 duae
1029 751 1092 810 et
1138 748 1406 832 triginta
1450 747 1517 811 in
1566 747 1735 811 thesi
1780 746 1899 826 ΙΙΙ,
1948 751 2203 811 αθῐιὺηω
2250 750 2314 811 et
2359 748 2455 811 vi-

319 863 502 948 giuti
549 863 617 926 in
662 862 829 927 thesi
878 861 989 943 IV,
1051 867 1180 927 tres
1245 867 1311 928 ct
1355 864 1707 949 nonaginta
1754 864 1818 927 in
1869 863 2034 927 thesi
2085 863 2161 943 V,
2210 867 2457 947 septem

321 983 390 1044 ci:
442 979 778 1063 octoginta
822 979 890 1043 in
935 979 1104 1043 thesi
1159 978 1263 1043 VI.

551 1097 611 1160 b.
703 1095 961 1160 Vocalis
1008 1096 1378 1179 producitur
1423 1097 1489 1161 in
1536 1097 1696 1161 arsi:

549 1212 612 1274 in
661 1212 789 1275 arsi
834 1212 1068 1296 prima:
1117 1211 1323 1277 XXII.
1377 1215 1500 1277 142
1551 1207 1815 1299 δίφρωνς

548 1327 615 1391 in
663 1329 788 1394 arsi
820 1330 1127 1394 secunda:
1176 1328 1417 1395 XVIII.
1478 1331 1554 1394 51
1613 1325 1869 1411 Κὺπρις,
1901 1328 2110 1393 XVII.
2145 1331 2227 1393 20
2263 1325 2456 1411 Ἦρα-

320 1445 548 1530 κλῆος,
598 1446 679 1507 29
730 1438 1025 1528 εὖόδμοιο,
1074 1444 1282 1511 XXII.
1334 1448 1457 1510 122
1508 1444 1792 1530 ἔβλαψεν,
1843 1447 1966 1511 185
2016 1444 2239 1527 ἄκραςς

549 1561 616 1624 in
683 1561 810 1624 arsi
881 1561 1108 1627 tertia:
1179 1560 1419 1626 XVIII.
1493 1562 1575 1626 47
1637 1564 2018 1645 γεγράψεται,
2065 1559 2274 1627 XVII.
2326 1552 2452 1625 104

323 1678 628 1759 πατρώια,
675 1675 882 1741 XXII.
934 1677 1011 1741 71
1062 1677 1432 1762 κεκλήσεαις

550 1794 616 1856 in
685 1794 811 1856 arsi
871 1798 1127 1878 quarta:
1194 1793 1335 1858 XV.
1385 1794 1468 1859 45
1519 1791 1869 1878 ἀνάριθμοι,
1917 1793 2125 1860 XVII.
2178 1795 2302 1858 122
2351 1789 2455 1855 ἐκ·

327 1912 654 1993 μάσσεται,
702 1907 908 1975 ΧΧΙΙ.
961 1913 1042 1976 69
1091 1908 1448 1996 κεκλήσεθ’,
1502 1912 1626 1976 147
1677 1908 1918 1991 ἕδνωσε,
1958 1911 2077 1976 151
2115 1907 2452 1991 ἐκλέπτετε,

330 2027 463 2091 164
512 2027 840 2107 πατρώιον;

550 2141 615 2205 in
665 2142 790 2205 arsi
836 2143 1091 2226 quinba:
1148 2141 1291 2207 XV.
1342 2145 1424 2207 27
1476 2138 1859 2225 αἱνόθρυπτε,
1902 2141 2110 2212 XVII.
2143 2144 2228 2206 26
2264 2139 2457 2224 Ἦρα-

34 2297 35 2336 ,
326 2256 608 2336 κλεῖδας,
660 2259 740 2321 27
777 2254 1123 2343 Ἡρακλῆα,
1161 2261 1242 2323 82
1279 2252 1687 2343 ἐνδέδμηνται,
1721 2256 1926 2323 ΧΧΙΙ.
1965 2260 2089 2323 100
2124 2258 2453 2342 γναθμοὺς.

32 2339 43 2444 i
551 2373 797 2438 Tabula
866 2375 1099 2439 Kunsti
1170 2399 1263 2460 p.·
1305 2377 1384 2440 87
1446 2376 1764 2460 descripta
1834 2375 2003 2458 apud
2049 2373 2455 2439 Theocritum

34 2455 53 2656 ι
328 2491 399 2554 in
447 2489 811 2554 universum
860 2490 1025 2554 hanc
1073 2512 1209 2554 esse
1256 2490 1444 2576 hujus
1492 2492 1747 2576 generis
1795 2491 2279 2575 productionum
2324 2490 2454 2555 fre-

331 2606 662 2690 quentiam
737 2606 950 2670 docet:
1024 2607 1089 2669 in
1159 2608 1285 2670 arsi
1357 2606 1387 2670 1
1456 2610 1618 2685 octo,
1667 2608 1733 2671 in
1781 2607 1907 2671 arsi
1953 2605 2018 2671 II
2065 2608 2342 2691 quinque
2389 2610 2455 2670 et

36 2667 51 2842 i
328 2722 626 2807 triginta,
674 2721 741 2784 in
789 2723 916 2785 arsi
963 2719 1058 2785 III
1105 2744 1297 2786 unam
1345 2726 1410 2786 et
1458 2723 1686 2808 viginti
1723 2723 1792 2802 1),
1826 2724 1891 2786 in
1926 2724 2052 2787 arsi
2084 2722 2176 2788 IV
2209 2726 2455 2806 septem

38 2845 43 2900 Γ
333 2840 400 2902 et
448 2837 702 2922 viginti,
751 2839 817 2902 in
865 2838 992 2902 arsi
1039 2836 1097 2902 V
1144 2838 1471 2902 tredecim.
1567 2837 2121 2924 Summam‘igitur
2152 2838 2450 2923 frequen-

332 2954 493 3017 tiam
528 2954 804 3037 praebuit
830 2976 946 3038 pes
979 2954 1158 3034 alter,
1191 2954 1522 3018 minimam
1551 2976 1665 3038 pes
1697 2955 1960 3038 primus,
2024 2954 2127 3019 Ad
2156 2954 2455 3038 frequen-

84 3055 91 3066 ·
332 3072 496 3135 {ziam
564 3070 1040 3153 productionum
1091 3071 1260 3154 quod
1308 3071 1538 3135 atssinet
1586 3071 1664 3134 ad
1709 3072 2049 3135 secundam
2099 3069 2269 3134 arsin
2308 3092 2455 3155 pro-

335 3188 506 3251 xime
579 3187 824 3250 accedit
893 3188 1050 3250 arsis
1096 3190 1359 3271 quarta;
1426 3187 1617 3271 longe
1664 3186 1955 3270 plurimae
2003 3185 2455 3272 (undeviginti)

340 3422 598 3503 guntur,
647 3419 756 3482 ubi
804 3440 1044 3483 caesura
1091 3420 1380 3484 bucolica
1425 3420 1626 3486 multo
1657 3418 1863 3483 rarius
1894 3421 2235 3503 usurpabur
2265 3437 2468 3503 quam*

340 3535 408 3597 in
477 3534 711 3618 idylliis
783 3534 1054 3599 bucolici
1102 3537 1166 3598 eb
1213 3536 1453 3600 mimici
1499 3535 1773 3621 generis,
1828 3571 1905 3580 -
1958 3533 2192 3598 Tertiae
2242 3538 2457 3599 autem

343 3650 500 3714 arsis
547 3651 992 3734 productiones
1037 3674 1251 3715 omnes
1298 3652 1573 3716 inveniri
1618 3652 1685 3715 in
1717 3652 1976 3715 vocibus
2020 3655 2166 3731 „aut
2196 3652 2454 3735 spondei

564 3836 600 3906 ¹)
641 3839 820 3904 Quum
875 3838 1099 3893 tabulas
1154 3837 1356 3893 Kunsti
1420 3838 1669 3904 adhibui,
1739 3856 1992 3893 numeros
2049 3839 2293 3907 ejusdem
2348 3837 2457 3892 viri

344 3926 495 3980 docti
550 3927 774 3983 omnino
827 3927 1050 3992 retinui,
1119 3945 1457 3997 quamquam
1512 3947 1636 3984 eum
1691 3927 1785 3983 hic
1838 3926 1960 3983 illic
1999 3922 2268 3997 'exempla
2324 3927 2458 3982 omi-

345 4014 478 4073 sisse
518 4016 648 4071 vidi.

25 4291 375 4845 L

36 3265 37 3286 1

34 3307 61 4110 ξ
336 3324 488 3368 vero
536 3301 759 3365 harum
806 3303 1291 3386 productionum
1346 3304 1412 3381 in
1459 3303 1640 3387 epico
1689 3303 2038 3367 carminum
2084 3325 2319 3388 genere
2363 3303 2456 3367 le-
