3109 4859
1210 367 1588 431 4123*-

544 544 613 607 in
659 545 905 628 syllaba
951 545 1189 629 quintae
1237 545 1396 609 arsis
1441 544 1690 634 priore:
1739 543 1880 609 XV.
1931 546 2015 609 40
2065 541 2289 623 δάκνει,
2328 544 2447 608 101

317 655 693 747 Ἀφροδίτα,
742 660 949 725 XVII.
999 663 1082 726 45
1133 658 1488 748 Ἀφροδίτα,
1535 659 1743 724 XXII.
1796 662 1922 726 170
1970 663 2224 743 πατρός;

546 778 616 841 in
683 778 929 861 syllaba
999 753 1155 842 arsis
1225 779 1462 862 quintae
1512 778 1748 842 altera:
1811 775 1953 842 XV.
2006 778 2042 842 5
2092 770 2453 859 τεθρίππων,

317 894 402 958 18
481 889 870 973 Διοκλείδας,
920 897 1013 982 30,
1053 892 1343 978 ἄπληστε,
1400 895 1483 958 43
1533 890 1895 975 ἀπόκλαξον,
1948 895 2026 958 77
2079 889 2454 974 ἀποκλᾴξας,

315 1012 402 1074 78
460 1008 762 1094 ἄθρησον,
811 1012 888 1075 81
944 1009 1226 1095 ἔγραψαν,
1281 1012 1403 1076 147
1437 1006 1818 1090 Διοκλείδας,
1850 1008 2091 1075 XVIII.
2131 1011 2214 1073 12
2246 1005 2455 1094 ἐχρῆν,

310 1124 542 1190 XVII.
579 1115 720 1190 '136
770 1122 1130 1212 ἀπόβλητον,
1178 1125 1383 1191 XXII.
1439 1128 1565 1192 133
1610 1127 1978 1213 κικλήσκων,
2021 1127 2148 1190 205
2180 1119 2452 1208 πατρῴῄ.

550 1239 838 1327 Apparet
907 1266 985 1307 ex
1053 1244 1291 1322 tabula,
1355 1267 1547 1328 quam
1594 1267 1656 1328 p.
1705 1235 1784 1309 91
1838 1243 2176 1326 descripsit
2218 1242 2454 1322 Kunst,

311 1361 599 1443 hujusce
668 1354 840 1423 modi
910 1360 1338 1443 correptiones
1407 1360 1609 1438 (velut
1677 1381 1782 1424 eas
1855 1359 2306 1442 correptioneS,
2378 1358 2455 1422 de

313 1477 564 1560 quibus
633 1497 824 1559 supra
892 1496 1000 1558 pp.
1073 1476 1420 1540 117—-118
1491 1477 1689 1540 verba
1755 1476 1907 1559 feci)
1977 1475 2324 1558 saepissime
2390 1475 2455 1538 in

314 1593 554 1675 quinto
624 1591 783 1675 pede
854 1592 1167 1675 usurpari,
1237 1592 1303 1656 id
1363 1593 1528 1675 quod
1579 1615 1656 1656 ex
1704 1615 1778 1656 eo
1825 1591 2270 1675 explicandum
2318 1612 2453 1655 esse

314 1701 603 1786 videtur,
652 1707 817 1791 quod
864 1729 1082 1771 versus
1127 1707 1417 1771 heroicus
1479 1708 1803 1792 praecipuo
1847 1708 2058 1773 studio
2106 1707 2343 1791 dactyli
2388 1708 2453 1771 in

315 1823 446 1888 hac
522 1824 670 1887 sede
741 1823 1088 1907 usurpandi
1156 1823 1408 1887 omnino
1461 1823 1733 1908 insignis
1782 1828 1895 1888 est.
1990 1824 2193 1908 Epica
2238 1825 2457 1891 tamen

318 1940 618 2004 carmina
686 1938 1030 2019 Theocriti,
1102 1962 1242 2024 quae
1290 1920 1721 2024 frequentiore
1766 1940 2253 2023 spondiacorum
2298 1962 2455 2024 quos

315 2060 562 2122 vocant
592 2078 888 2121 versuum
920 2079 1037 2121 usu
1061 2057 1342 2142 insignia
1365 2060 1531 2132 sunt,
1559 2079 1675 2140 pro
1698 2057 1940 2121 ratione
1967 2058 2209 2122 rariora
2232 2056 2455 2141 hujus-

316 2174 503 2238 modi
551 2173 962 2256 correptionis
1008 2173 1076 2236 in
1120 2174 1281 2257 pede
1336 2173 1391 2236 V
1439 2173 1746 2237 exstantis
1795 2173 2088 2257 exempla
2129 2172 2452 2238 exhibent.

546 2287 621 2353 In
689 2289 1053 2353 universum
1123 2293 1336 2353 autem
1405 2290 1835 2373 correptiones
1902 2310 2018 2372 pro
2087 2292 2227 2354 rata
2272 2292 2454 2372 parte

319 2407 608 2471 rariores
678 2427 813 2468 esse
860 2406 924 2467 in
974 2405 1211 2488 idylliis
1259 2407 1563 2471 bucolicis
1611 2409 1801 2490 atque
1847 2405 2012 2469 hanc
2059 2427 2197 2469 rem
2242 2404 2449 2469 cohae-

321 2546 470 2587 rere
523 2544 663 2585 cum
711 2522 950 2605 majore
999 2521 1419 2604 spondeorum
1474 2521 1856 2606 frequentia,
1904 2543 2046 2605 quae
2095 2521 2178 2585 sit
2223 2521 2289 2584 in
2327 2523 2454 2586 'bu-

321 2637 548 2703 colicis
597 2637 1002 2716 carminibuS,
1052 2638 1238 2701 docet
1283 2638 1495 2701 Kunst
1543 2640 1646 2702 92.
1742 2637 1881 2720 (Ofr
1925 2638 2164 2703 ibidem
2213 2640 2250 2702 8
2299 2660 2453 2722 seq.,

327 2757 413 2819 15
490 2776 644 2837 seq.,
709 2755 839 2831 21).
880 2839 887 2844 θ
943 2752 1052 2833 „In
1097 2753 1334 2838 idylliis
1382 2755 1636 2838 generis
1684 2754 1978 2834 bucolici,
2026 2754 2235 2840 inquit
2278 2776 2342 2837 p.
2393 2755 2454 2833 9,

323 2870 610 2936 omnium
680 2871 1108 2954 spondeorum·
1168 2849 1467 2934 numerus
1537 2871 1856 2953 reperitur
1923 2893 2039 2954 pro
2083 2873 2227 2934 rata
2272 2873 2454 2954 parte

324 2986 668 3065 maxinmS,
717 2987 1012 3050 minimus
1060 2987 1124 3051 in
1173 2986 1560 3051 carminibus
1608 2987 1836 3070 epicis;
1897 2987 2178 3051 medium
2222 2986 2343 3051 hac
2389 2986 2457 3050 in

326 3126 399 3168 re
449 3106 673 3167 tenent
717 3104 922 3195 locum
971 3103 1192 3187 idyllia
1237 3103 1560 3167 mimica“.
1652 3103 1877 3189 Pergit
1931 3127 1993 3187 p.
2047 3103 2128 3167 15
2175 3102 2345 3167 hunc
2390 3103 2492 3166 in·

328 3220 624 3285 modum:
706 3219 1080 3298 „discrimen
1148 3220 1316 3283 inter
1369 3220 1627 3304 singula
1674 3220 2027 3284 carminum
2074 3241 2314 3305 genera
2361 3220 2457 3283 in-

329 3336 660 3401 tercedere
730 3335 1014 3399 videmus
1086 3358 1159 3399 ac
1218 3337 1493 3433 maxime
1541 3336 1711 3400 inter
1755 3357 1821 3399 se
1870 3336 2124 3401 differre
2172 3336 2458 3400 carmina

331 3452 625 3517 bucolica
693 3453 757 3514 et
823 3452 1023 3535 epica.
1115 3450 1188 3515 In
1236 3452 1335 3516 his
1382 3452 1640 3536 quidem
1685 3474 1903 3517 versus
1950 3453 2142 3517 meris
2190 3453 2459 3538 dactylis

336 3571 716 3647 constanteS,
765 3568 818 3631 si
865 3568 1292 3652 frequentiam
1338 3569 1733 3652 respicimuS,
1782 3568 2059 3652 primum
2104 3572 2326 3633 tenent
2363 3569 2458 3633 lo-

338 3706 501 3764 cum,
549 3684 616 3748 in
662 3683 787 3748 illis
834 3684 1157 3747 tertiam“.
1253 3683 1451 3748 Paulo
1497 3685 1700 3748 infra:
1760 3683 1948 3764 „Quae
1982 3707 2177 3768 quum
2209 3686 2300 3748 ita
2330 3685 2461 3749 sint

331 3801 476 3883 jure
548 3802 884 3865 adfirmare
943 3822 1125 3882 posse
1171 3799 1331 3863 mihi
1377 3801 1612 3880 videor,
1660 3800 2065 3865 Theocritum
2113 3801 2181 3864 in
2230 3802 2458 3865 carmi-

338 3916 524 3980 nibus
572 3918 827 4001 generis
872 3916 1038 4001 epici
1087 3953 1167 3961 ——
1220 3953 1300 3962 ——·
1350 3916 1416 3979 in
1455 3917 1742 3981 versibus
1777 3917 2220 4000 componendis
2251 3918 2458 4003 magis

340 4032 420 4096 ad
491 4034 830 4118 aequalium
898 4032 1096 4099 veluti
1167 4032 1542 4099 Callimachi
1611 4056 1850 4100 morem
1917 4055 2054 4099 sese
2104 4033 2456 4121 adplicasse
