3109 4859
1158 381 1550 443 .-9—

335 558 457 633 273
528 555 691 637 (rad.
765 539 939 639 σμα)’
980 557 1201 640 ’σμᾶμα
1235 556 1284 639 ¹)
1352 578 1413 622 v.
1483 559 1569 621 30
1618 543 1838 641 (quod-
1859 580 2004 622 cum
2048 557 2161 623 lat.
2210 560 2480 646 macula*

332 671 652 737 cohaerere
701 674 1059 756 suspicatur
1105 673 1177 737 L.
1227 672 1450 757 Meyer
1498 674 1675 756 623).

545 787 657 851 Bis
705 789 882 852 codd.
930 809 970 872 η
1019 810 1134 872 pro
1184 773 1237 849 αι
1269 789 1461 874 longo
1508 791 1800 854 tuentur:
1870 783 2194 875 πλανηθῇζ
2239 813 2299 856 v.
2351 792 2456 871 67,

335 901 607 989 ἀγαπητὲ
674 928 734 970 v.
808 905 953 971 149.
1044 902 1191 970 Non
1259 926 1514 988 possum
1578 906 1789 970 facere
1838 906 1991 990 quin
2037 908 2303 990 probem
2351 929 2454 971 ar-

336 1024 641 1106 gumenta
685 1020 1072 1100 Morsbachi‚
1143 1020 1247 1104 qui
1321 1043 1430 1104 pp.
1487 1022 1573 1085 27
1624 1043 1799 1105 seqq.
1848 1022 1925 1086 de
1973 1042 2015 1083 α
2059 1021 2160 1086 his
2208 1044 2456 1108 quoque

285 1200 294 1207 ,
336 1137 490 1201 locis
539 1136 926 1200 restituendo
977 1137 1277 1220 disputat.
1524 1207 1533 1213 ,
2496 1148 2506 1156 ’

551 1251 840 1337 Denique
888 1252 1012 1317 huc
1058 1253 1268 1317 refero
1316 1249 1615 1318 ἐπόνασαν
1647 1277 1706 1319 v.
1743 1256 1847 1334 80,
1883 1248 2184 1341 ἐφίλασας
2214 1278 2271 1320 v.
2308 1256 2456 1335 100,

341 1365 554 1455 φίλαμ’
600 1392 659 1433 v.
716 1370 860 1448 130,
911 1363 1261 1454 τριφίλατος
1306 1392 1365 1434 v.
1416 1371 1519 1435 86.

549 1483 716 1549 Satis
751 1488 996 1549 constat
1025 1485 1330 1550 nonnulla
1361 1487 1558 1551 verba
1590 1487 2060 1551 denominativa
2090 1509 2231 1571 quae
2266 1487 2457 1552 attice

335 1622 452 1684 per
522 1621 602 1661 εω
673 1604 907 1665 exeunt
934 1578 943 1584 η
974 1601 1043 1665 in
1113 1602 1327 1666 doride
1397 1603 1464 1665 in
1534 1622 1624 1662 αω
1671 1603 1952 1680 desiisse,
1999 1603 2064 1667 id
2112 1604 2280 1686 quod
2321 1605 2457 1687 jam

338 1715 591 1780 Ahrens
639 1714 863 1797 (Dian.
913 1714 998 1782 II.
1041 1717 1172 1798 ‚147
1223 1723 1384 1801 seq.)
1432 1718 1663 1782 docuit.
1756 1716 1976 1792 Nimia
2023 1741 2172 1784 vero
2220 1718 2457 1783 severi-

337 1993 397 2048 Si
446 1993 715 2048 librorum
754 2000 898 2063 νᾶμα
936 1993 1223 2056 retinetur,
1263 1993 1618 2063 aptissimum
1657 1994 1891 2049 fortasse
1929 1998 2015 2051 est
2051 1994 2343 2049 Fritzschii
2379 1995 2461 2048 in-

337 2083 684 2153 terpretandi
738 2083 1013 2138 rationem
1069 2083 1335 2152 amplecti
1393 2082 1515 2149 (Ed.
1575 2083 1754 2138 altera
1790 2083 1992 2153 Lipsiae
2033 2085 2187 2139 1870.
2242 2086 2310 2141 II.
2367 2103 2458 2154 pp.

336 2172 601 2240 42-43):
658 2178 802 2241 νᾶμα
841 2159 904 2215 ss
945 2189 1107 2241 aqua,
1165 2172 1522 2238 malluvium3
1578 2175 1847 2242 punctum
1901 2176 2028 2242 post
2074 2171 2191 2235 θές,
2230 2172 2462 2229 interro-

338 2262 512 2333 gandi
548 2262 770 2332 signum
805 2265 933 2332 post
969 2259 1252 2313 καθεύδειν
1291 2262 1622 2332 ponendum.
1696 2262 1844 2316 Illud
1883 2268 2027 2331 νᾶμα
2054 2281 2088 2317 a
2115 2262 2215 2313 νέω
2242 2264 2463 2319 descen-

339 2353 467 2408 dere
519 2369 696 2422 posse,
750 2351 808 2405 id
864 2352 1012 2421 quod
1049 2353 1173 2407 vult
1209 2352 1410 2407 Morsb.
1453 2352 1489 2405 1.
1531 2370 1593 2414 c.‚
1632 2369 1854 2421 prorsus
1891 2369 2051 2422 nego,
2095 2358 2271 2421 ,νᾶμα
2309 2353 2463 2407 Flus-

341 2440 548 2511 sigkeit
596 2442 716 2495 Wz.
763 2441 894 2507 sna“
939 2442 1002 2496 Gr.
1041 2442 1230 2510 Meyer
1264 2442 1350 2495 48.
1427 2442 1552 2495 Non
1591 2440 1701 2494 nisi
1738 2459 1773 2495 a
1811 2440 1921 2498 νάω
1962 2439 2119 2509 (lesb.
2161 2439 2304 2492 ναόω
2343 2442 2460 2514 rad.

340 2530 466 2598 snu)
523 2532 850 2586 descendere
894 2534 1082 2600 potest
1129 2533 1289 2600 νᾶμα.
1366 2529 1459 2585 Cfr
1497 2530 1560 2585 Gr.
1599 2531 1787 2599 Meyer
1827 2531 1943 2594 118,
1983 2532 2101 2595 246,
2142 2531 2463 2601 Brugmann

343 2620 492 2675 Curt.
543 2620 698 2674 Stud.
748 2620 841 2675 IV.
884 2622 1001 2683 156,
1044 2620 1193 2675 Curt.
1233 2620 1469 2674 Grundz.
1509 2621 1630 2683 319,
1668 2621 1728 2674 L.
1766 2620 1954 2688 Meyer
1992 2620 2120 2683 623;
2158 2638 2193 2674 a
2232 2619 2333 2672 νέω
2372 2621 2461 2676 vel

340 2708 503 2779 νῆθω
553 2709 691 2772 (rad.
727 2709 814 2777 ne)
855 2709 1219 2764 derivandum
1257 2712 1343 2765 est
1380 2715 1530 2780 νῆμα
1572 2731 1635 2752 =
1683 2710 1811 2775 „das
1850 2708 2225 2779 Gesponnene.
2264 2709 2454 2765 Hom.“

341 2799 404 2854 Gr.
443 2800 631 2868 Meyer
666 2799 751 2853 40.
826 2798 983 2864 Quod
1028 2799 1254 2853 Kfihner
1300 2798 1484 2853 Gram.
1523 2800 1565 2852 I.
1605 2798 1708 2853 873
1749 2798 2037 2853 contendit
2074 2796 2184 2849 νάω
2224 2799 2463 2855 varieta-

339 2892 457 2943 tem
493 2906 608 2943 esse
645 2887 801 2943 verbi
837 2888 985 2957 quod
1022 2891 1107 2943 est
1144 2886 1245 2938 νὲω
1284 2887 1456 2942 etiarn
1493 2887 1552 2941 in
1590 2887 1760 2943 nendi
1797 2887 2132 2957 significatu,
2171 2906 2281 2941 non
2320 2887 2461 2944 satis

343 2976 565 3031 videtur
618 2978 934 3047 argumenti
993 2978 1253 3047 praebere,
1311 2995 1406 3031 eur
1462 2983 1607 3046 νᾶμα
1661 2978 1833 3041 filum,
1892 2980 2109 3032 stamen
2148 2976 2462 3047 significare

302 3105 307 3110 -
344 3083 504 3135 posse
543 3067 851 3122 concedam.
927 3067 1106 3132 Quare
1142 3052 1421 3123 Meinekio
1460 3065 1527 3121 de
1564 3066 1670 3120 hoc
1706 3066 1829 3121 loco
1868 3065 2183 3135 disputanti
2222 3064 2294 3136 (p.
2334 3066 2460 3133 301)

343 3153 570 3210 omnino
608 3155 891 3219 assentior,
929 3159 1297 3225 praeterquam
1338 3156 1484 3224 quod
1522 3172 1714 3211 vocem
1753 3161 1898 3223 νᾶμα
1937 3154 2004 3210 de
2030 3173 2177 3224 aqua
2201 3155 2462 3225 intellegi

339 3259 504 3315 posse
538 3247 723 3314 negat.
797 3246 878 3299 De
915 3245 1194 3302 Kaercheri
1231 3244 1548 3300 coniectura
1587 3249 1737 3313 νῆμα
1774 3247 1998 3314 recepta
2035 3245 2106 3298 ab
2144 3244 2461 3300 Hermanno

224 3325 231 3328 ⁸
341 3337 401 3390 et
438 3334 652 3389 Hillero
691 3335 772 3388 cfr
808 3335 912 3395 Fr..
951 3334 1135 3398 Mein,
1174 3335 1370 3389 Hiller.
1443 3334 1522 3387 Id.
1561 3334 1756 3388 XXIV.
1798 3334 1864 3387 75
1890 3352 2037 3388 nunc
2060 3334 2311 3403 plerique
2338 3333 2459 3413 edd.

342 3429 495 3494 νῆμα
550 3424 763 3493 legunt,
820 3441 1157 3493 quamquam
1196 3424 1349 3479 codd.
1390 3430 1534 3493 νᾶμα
1570 3426 1818 3494 tuentur.
1891 3422 2056 3478 Mein.
2105 3423 2143 3476 1.
2183 3440 2253 3477 c.:
2316 3423 2463 3488 „Nec

341 3514 613 3581 obloquor
678 3513 764 3567 ita
819 3513 1224 3583 corrigentibus
1281 3511 1495 3583 (νῆμα),
1552 3529 1889 3582 quamquam
1939 3514 2173 3582 praestat
2229 3512 2463 3567 fortasse

345 3601 494 3672 βᾶμα
534 3602 821 3673 corrigere.
860 3634 930 3642 —
967 3600 1136 3673 Βῆμα
1174 3602 1319 3657 idem
1360 3606 1446 3658 est
1477 3589 1629 3671 ‘quod
1668 3600 1875 3672 βάθρον
1904 3602 2053 3663 etde
2080 3602 2324 3656 scabello
2350 3601 2462 3655 dici

296 3725 311 3740 ω
342 3692 589 3761 potuisse
624 3710 737 3747 non
773 3693 1005 3747 dubium
1042 3692 1312 3747 videtur“.
1386 3691 1577 3746 Etiam
1613 3692 1828 3746 Ahrens
1866 3694 1925 3747 et
1962 3691 2136 3761 Oppel
2174 3690 2463 3758 (Quaestio-

343 3799 441 3837 nes
478 3782 545 3837 de
583 3781 716 3837 dial.
755 3783 1082 3838 Theocritea
1116 3782 1318 3851 Lipsiae
1358 3782 1497 3836 1874
1533 3800 1586 3851 p.
1631 3780 1717 3848 11)
1757 3781 1954 3851 legunt
1992 3779 2159 3849 βᾶμα.
2200 3786 2345 3849 νᾶμα
2382 3797 2463 3835 re-

340 3870 513 3925 tineri
548 3889 708 3941 posse
745 3872 1034 3927 contendo.
1140 3893 1145 3902 ·
1296 3859 1301 3866 ⁵

564 3959 603 4027 ¹)
642 3961 802 4015 Hanc
837 3960 1122 4031 egregiam
1158 3959 1463 4017 Hermanni
1502 3960 1874 4015 coniecturam
1914 3976 2102 4014 omnes
2137 3962 2463 4029 receperunt

337 4049 466 4107 edd.
507 4049 661 4104 Libri
696 4050 855 4105 varia
891 4051 1118 4106 habent.
