3109 4859
1577 371 1980 439 -10--,

677 552 809 619 tate
857 548 1109 617 Ahrens
1155 573 1455 637 magnam
1509 550 1734 615 horum
1780 550 2116 615 verborum
2162 548 2413 632 copiam
2457 548 2625 613 inter
2668 547 2787 633 hy·
2831 586 2838 595 -

675 667 1038 750 perdoricas
1086 689 1240 752 quas
1288 672 1514 733 vocant
1559 667 1794 732 formas
1841 666 2242 731 referendam
2282 687 2417 729 esse
2452 664 2792 745 existimat,

676 784 841 866 quod
914 783 982 846 in
1050 772 1195 851 eum
1254 783 1605 848 rectissime
1655 782 2166 847 animadvertunt
2210 779 2553 845 Morsbach
2599 802 2660 864 p.
2713 781 2795 846 13

680 901 743 963 et
790 898 1106 964 Schrader
1150 900 1193 965 1.
1243 921 1297 966 e.
1348 901 1640 983 299,seq.
1735 896 1834 963 Ita
1868 921 2084 963 omnes
2115 898 2353 962 formas
2386 897 2566 963 verbi
2598 897 2795 983 φιλάω

675 1014 1138 1099 hyperdorismi
1183 1038 1296 1080 suo
1345 1016 1609 1084 arbitrio
1654 1013 1910 1079 Ahrens
1958 1018 2212 1080 accusab
2257 1017 2475 1098 spreka
2516 998 2795 1079 omhium

674 1130 983 1197 librorum
1053 1132 1450 1197 auckoritate.
1543 1130 1858 1216 Equidem
1926 1151 2050 1194 non
2100 1152 2354 1214 possum
2401 1152 2540 1194 cum
2590 1130 2795 1195 Mors-

679 1245 904 1310 bachio
951 1269 1078 1311 non
1124 1247 1501 1325 consentire,
1561 1248 1725 1330 quod
1773 1245 1926 1310 loeis
1972 1268 2164 1329 supra
2211 1245 2422 1311 allatis
2471 1241 2790 1319 ἐπόνασαν,

552 1388 557 1403 ’
678 1357 995 1447 ὲφίλασας,
1071 1360 1285 1449 φίλαι»)
1358 1362 1673 1439 defendit3
1744 1366 1989 1426 tantum
2036 1362 2249 1441 miror,
2297 1340 2472 1446 quod·
2510 1360 2635 1441 hic,
2684 1362 2792 1445 qui

675 1478 926 1543 omnino
975 1499 1014 1539 α
1060 1478 1323 1563 longum
1367 1500 1483 1562 pro
1526 1498 1566 1563 η
1609 1477 1948 1543 Theocrito
1978 1479 2297 1543 vindicare
2333 1478 2564 1558 sbudet‚
2600 1478 2794 1541 eriam

676 1593 1020 1679 τριφίλατος
1065 1617 1125 1660 v.
1175 1596 1255 1659 86
1304 1595 1584 1659 scribere
1632 1617 1818 1659 ausus
1864 1617 1988 1660 non
2035 1599 2149 1673 est,
2199 1580 2371 1678 'quod
2400 1593 2607 1679 magis
2639 1616 2790 1677 poe-

673 1710 823 1790 tica,
873 1713 944 1774 uh
989 1710 1086 1774 ait·
1126 1710 1169 1775 1.
1218 1733 1294 1791 0.,
1344 1714 1510 1775 esset
1557 1728 1696 1776 vox.
1791 1710 1902 1776 Sin
1934 1732 2085 1775 vero
2119 1710 2467 1796 τριφίλατος
2495 1709 2789 1795 legimUS‚

674 1826 741 1889 in
784 1826 957 1890 exitu
987 1848 1207 1891 versus
1237 1849 1354 1911 pro
1387 1827 1647 1914 φιλεῖται
1680 1828 2081 1892 scribendum
2115 1827 2303 1891 eredo
2338 1825 2584 1911 φιλῆται
2617 1824 2800 1907 (con-'

664 1918 987 2006 'kraetione
1037 1942 1253 2007 dorica
1298 1966 1337 2007 a
1384 1943 1665 2029 φιλάεται
1712 1947 1950 2019 ortum3
2000 1943 2095 2007 cfr
2140 1938 2251 2028 ὅρη
2287 1965 2376 2006 ex
2431 1937 2578 2025 ὅραε
2610 1964 2668 2007 v.
2704 1941 2792 2024 2),

676 2078 817 2141 quae
864 2056 1054 2122 lectio
1095 2058 1168 2122 =in
1213 2059 1452 2143 optimo
1499 2059 1712 2124 codiee
1760 2059 1803 2121 k
1850 2058 2187 2124 invenitur.

1507 2225 1583 2291 In
1631 2228 1717 2293 id.
1763 2226 1950 2292 XXII

674 2369 865 2455 hujus
934 2370 1188 2455 generis
1259 2370 1550 2455 exempla
1597 2376 1743 2435 sunt
1787 2372 2064 2433 θνατοῖσι
2111 2394 2168 2436 v.
2220 2373 2324 2450 23,
2375 2373 2687 2455 μυκάσατο
2732 2394 2791 2436 v.

680 2487 783 2566 75,
834 2481 1216 2572 φυσαθέντος
1260 2510 1318 2551 v.
1371 2487 1475 2566 77,
1525 2482 1808 2556 ἀνίκατος
1853 2510 1912 2551 v.
1965 2488 2112 2568 111,
2162 2488 2509 2570 μναστεὺειν
2556 2510 2616 2552 v.
2668 2488 2791 2551 155

677 2598 836 2679 (rad.
887 2622 1005 2685 μνα
1051 2602 1135 2685 (Ρ)
1205 2602 1278 2667 L.
1345 2603 1568 2686 Meyer
1614 2602 1789 2686 801),
1837 2598 2102 2688 ὡρμάθη
2151 2627 2207 2668 v.
2263 2603 2407 2680 199,
2457 2602 2682 2664 στάλαν
2730 2596 2791 2684 (e

674 2717 809 2782 rad.
859 2718 1000 2801 στα)
1046 2741 1105 2783 v.
1156 2719 1305 2783 207.
2211 2733 2223 2744 ‘

887 2832 1010 2898 Sed
1056 2855 1095 2919 η
1142 2835 1209 2898 in
1238 2834 1417 2899 libris
1450 2833 1753 2900 exhibent
1785 2840 1844 2914 (e
1877 2837 2010 2899 rad.
2047 2838 2182 2913 στα)
2218 2836 2452 2920 στήθεα
2482 2858 2540 2899 v.
2577 2836 2660 2899 46
2687 2834 2790 2917 (P),

676 2950 905 3034 στῆθος
971 2972 1031 3015 v.
1106 2951 1228 3017 109
1278 2948 1382 3033 (P),
1455 2949 1598 3035 ἔστη
1659 2975 1716 3016 v.
1770 2952 1873 3031 98,
1922 2949 1985 3032 (e
2030 2952 2165 3015 rad.
2217 2952 2328 3037 φα)
2376 2947 2686 3037 ὑποφήτης
2729 2973 2789 3015 v.

678 3067 841 3145 1163
892 3065 1252 3151 σονηλοίησε
1300 3090 1358 3132 v.
1411 3067 1557 3131 128.
2185 3108 2189 3113 -

804 3249 813 3259 “
888 3232 958 3303 G.
1031 3235 1097 3298 in
1165 3235 1410 3321 syllaba
1480 3240 1823 3322 augmenizo
1887 3236 2199 3300 instructa
2245 3237 2600 3316 verborum,
2649 3258 2789 3319 quae

675 3375 713 3417 a
756 3351 962 3417 vocali
1011 3372 1050 3412 α
1097 3352 1459 3437 incipiuntr

1529 3514 1598 3577 in
1644 3506 1731 3579 id.
1778 3512 1928 3579 XV:

596 3638 607 3651 ⁴
675 3651 987 3739 ἀρίστευσε
1036 3644 1096 3722 r.
1146 3657 1249 3736 98,
1300 3653 1523 3734 ἄγαγον
1571 3679 1636 3722 v.
1689 3658 1835 3721 103.

887 3798 1283 3883 Quamquam
1326 3793 1590 3883 ἠγάγεθ’
1638 3821 1697 3864 v.
1749 3800 1831 3863 64
1878 3799 2058 3865 libris
2106 3800 2413 3879 firmatur,
2463 3799 2654 3863 etiam
2686 3798 2791 3863 hic

676 3936 716 3976 α
761 3914 1222 3980 restituendum
1267 3917 1440 3999 puto.
