3109 4859
1615 340 1960 404 *85*

729 521 993 599 usitata3
1045 517 1257 584 enclit.
1305 541 1435 584 acc.
1480 518 1645 603 plur.
1694 522 1900 584 neutr.
1950 515 2050 604 σφ’
2097 522 2207 596 (==
2257 514 2397 603 σφε)
2442 539 2500 580 v.
2551 517 2652 580 80.
2720 513 2820 579 Se-

730 637 1004 702 cundum
1072 635 1232 716 Ahr.
1300 636 1343 701 l.
1402 658 1454 699 c.
1505 637 1630 700 261
1683 638 1747 699 et
1793 634 1866 699 G.
1915 635 2082 717 Mey.
2134 634 2262 700 388
2309 632 2678 716 Apollonius
2724 634 2828 718 σφέ

730 753 1166 832 DoriensibuS‚
1215 751 1627 835 Syracusanis
1676 754 1747 835 ψὲ
1796 751 1902 828 (id.
1952 749 2064 815 IV.
2115 755 2154 816 3
2201 750 2269 814 in
2311 748 2603 814 omnibus
2633 748 2825 824 libris)

730 869 1094 934 vindicavit.
1188 869 1504 964 Homerus
1550 872 1776 952 quater
1822 865 2113 931 adhibuit
2159 869 2291 953 σφὲ.
2841 941 2844 954 ,

943 984 1093 1061 Quae
1142 986 1337 1050 fuerit
1383 984 1686 1068 primaria
1732 983 1956 1068 stirpis
1998 991 2119 1072 ofs
2166 983 2262 1048 vis
2296 986 2359 1047 et
2391 982 2696 1067 quomodo
2724 1002 2832 1064 per

732 1103 967 1188 gradus
1035 1088 1280 1165 mutata
1347 1103 1432 1164 sit
1497 1101 1612 1165 illa
1677 1101 1774 1165 vis
1842 1101 2099 1165 uberius
2170 1100 2461 1183 exposuit
2507 1096 2832 1161 Windisch

734 1219 904 1283 Curt.
978 1217 1154 1284 Stud.
1223 1215 1306 1282 II.
1374 1218 1745 1297 239—373‚
1794 1219 1973 1302 cujus
2022 1217 2514 1301 disputationem
2563 1214 2831 1279 breviter

733 1335 1097 1419 complexus
1144 1337 1240 1398 est
1287 1333 1491 1398 Cauer
1531 1334 1580 1406 1.
1629 1355 1682 1399 c.
1734 1325 2102 1412 149—156.

945 1450 1005 1516 A
1052 1451 1250 1534 stirpe
1301 1457 1422 1538 cfs
1472 1450 1716 1514 alienus
1765 1453 1862 1513 est
1909 1449 2119 1514 enclit.
2156 1450 2284 1514 dor.
2321 1471 2454 1514 acc.
2487 1470 2570 1511 νιν
2604 1463 2664 1514 v‘.
2700 1449 2830 1513 132.

731 1566 1052 1631 Pluralem
1121 1549 1368 1651 duoque
1429 1566 1859 1651 significatum
1904 1566 2119 1644 habet,
2167 1588 2420 1650 semper
2466 1565 2826 1651 anaphorica

732 1687 1092 1767 usurpatur,
1140 1684 1477 1766 respondet
1524 1684 1604 1747 ad
1650 1706 1750 1768 ep.
1797 1683 1920 1747 ion.
1971 1704 2088 1767 μιν,
2137 1685 2304 1768 quod
2352 1687 2416 1748 et
2464 1682 2835 1767 anaphorica

734 1802 797 1863 et
864 1799 1168 1864 reflexiva
1237 1800 1300 1863 vi
1367 1801 1706 1883 praeditum
1777 1803 1889 1863 est.
1985 1799 2095 1864 Cfr
2162 1799 2322 1863 Ahr.
2372 1799 2413 1863 1.
2465 1823 2515 1863 c.
2568 1801 2720 1878 255,
2773 1799 2837 1864 G.

733 1916 900 1999 Mey.
974 1917 1122 1980 383.
1188 1952 1266 1960 ——
1334 1915 1538 1980 Cauer
1584 1917 1625 1981 l.
1677 1938 1730 1981 c.
1784 1917 1907 1980 106
1955 1938 2088 2000 seq.
2136 1914 2364 2000 Boppi‚
2415 1915 2836 1993 Doederleini‚

735 2031 912 2097 Curti
982 2032 1103 2108 (cfr
1170 2031 1444 2097 Grundz.
1517 2032 1670 2109 543)
1726 2032 2072 2095 sententias
2121 2032 2197 2096 de
2244 2035 2388 2096 ortu
2436 2033 2841 2117 etymologico

734 2147 1080 2212 formarum
1150 2169 1247 2232 μιν
1318 2150 1382 2212 et
1449 2168 1533 2210 νιν
1607 2148 1913 2231 exposuit.
2009 2147 2212 2212 Cauer
2281 2147 2732 2213 Doederleinio
2787 2151 2843 2212 et

735 2264 952 2329 Curtio
1024 2286 1312 2332 assensus
1383 2268 1497 2341 est,
1570 2265 1679 2349 qui
1748 2266 2081 2348 utramque
2152 2265 2422 2328 formam
2487 2288 2524 2328 a
2584 2259 2843 2350 stirpe}

734 2383 936 2445 ortam
1000 2404 1134 2445 esse
1194 2383 1443 2465 putant.
1536 2379 1688 2445 Alia
1733 2381 1837 2444 via
1883 2402 2110 2445 vocum
2156 2380 2472 2466 originem
2519 2383 2844 2466 exquirere

735 2501 995 2560 conatus
1065 2501 1161 2560 est
1205 2469 1388 2561 ‘Ahn
1459 2497 1501 2560 l.
1575 2519 1628 2560 c.
1724 2496 2017 2562 Forsitan
2084 2498 2320 2562 rectius
2366 2498 2601 2562 viderit
2649 2499 2845 2582 Bopp‚

734 2612 844 2697 qui
913 2636 1091 2677 suam
1159 2613 1410 2697 utrique
1470 2612 1779 2677 vocabulo
1823 2613 2050 2678 tribuit
2097 2614 2378 2678 radicem
2423 2617 2558 2696 (ma
2606 2619 2673 2679 et
2720 2614 2847 2696 na).

735 2728 951 2793 Etiam
1019 2727 1093 2793 G.
1163 2728 1386 2811 Meyer
1437 2728 1582 2809 185,
1630 2730 1759 2795 383
1807 2750 1905 2813 μιν
1954 2734 2018 2794 et
2062 2750 2149 2792 νιν
2195 2729 2453 2794 voculas
2502 2752 2535 2794 e
2586 2730 2851 2796 diversis

735 2844 1054 2909 radicibus
1100 2844 1418 2927 profectas
1465 2867 1602 2909 esse
1651 2846 1942 2910 affirmat.
2037 2845 2147 2910 Cfr
2191 2845 2265 2910 L.
2309 2844 2478 2930 Mey.
2516 2846 2669 2928 594,
2708 2846 2847 2912 597.

1578 2968 1653 3034 In
1699 2971 1784 3035 id.
1833 2968 2021 3034 XXII

947 3086 1012 3170 a)
1058 3086 1305 3151 Formae
1353 3088 1736 3153 substantivi
1782 3087 2199 3173 pronominis:

950 3203 1161 3267 enclit.
1212 3199 1267 3266 οἱ
1312 3226 1413 3269 vv.
1463 3206 1613 3284 204,
1663 3206 1819 3283 2103
1892 3203 2105 3267 enclit.
2155 3224 2350 3291 σφεων
2396 3227 2454 3269 v.
2507 3207 2588 3270 10
2639 3206 2849 3285 (Hom.

633 3342 637 3345 ⁴
737 3318 974 3384 Herod.
1024 3338 1237 3405 σφεων,
1286 3322 1398 3383 att.
1448 3320 1657 3406 σφῶν),
1707 3320 1918 3385 enclit.
1970 3340 2136 3406 σφισι
2180 3321 2240 3385 v.
2292 3321 2396 3386 83.

736 3497 868 3535 sane
905 3483 1064 3545 esset,
1103 3480 1152 3533 si
1188 3480 1336 3536 idem
1371 3484 1552 3551 poeta,
1592 3479 1689 3549 qui
1726 3479 1800 3534 id.
1838 3480 2009 3534 XVII.
2036 3481 2106 3534 82
2132 3478 2226 3549 μέν
2253 3483 2385 3536 ante
2412 3477 2460 3531 οἱ
2484 3481 2850 3551 produxisset,

735 3568 829 3623 hic
880 3569 937 3623 in
995 3569 1188 3624 eadem
1243 3588 1430 3626 versus
1484 3571 1613 3625 sede
1670 3569 1765 3639 μὲν
1820 3574 1952 3625 ante
2002 3566 2051 3620 οἱ
2107 3570 2377 3640 corripere
2413 3570 2708 3640 potuisset,
2747 3569 2854 3625 nisi

738 3660 882 3715 forte
920 3659 1140 3720 credere
1176 3659 1311 3716 licet
1344 3663 1570 3730 poetam
1608 3659 1669 3714 in
1706 3659 1939 3716 diversis
1978 3660 2285 3715 carminum
2313 3659 2605 3730 generibus
2633 3659 2853 3716 diversa

737 3749 953 3804 ratione
991 3750 1243 3804 consulto
1281 3768 1438 3804 usum
1477 3767 1609 3814 esse,
1648 3749 1733 3804 ita
1768 3753 1834 3804 ut·
1870 3750 1929 3804 in
1967 3751 2121 3820 epico
2162 3749 2405 3805 carmine
2440 3748 2595 3804 XVII
2636 3750 2712 3804 ad
2750 3750 2854 3803 Ho-

736 3839 999 3894 mericam
1037 3839 1489 3895 consuetudinem
1527 3857 1585 3893 se
1622 3839 1946 3909 applicaret,
1985 3840 2045 3893 in
2081 3839 2304 3893 mimico
2340 3838 2442 3892 XV
2479 3838 2550 3892 ab
2589 3856 2659 3893 ea
2685 3839 2853 3892 disce-

739 3928 908 3984 deret.
984 3928 1140 3994 Quod
1184 3929 1234 3983 si
1283 3928 1547 3983 audacius
1586 3932 1672 3984 est
1708 3930 1823 3984 tale
1859 3947 1959 4000 pro
1997 3933 2146 3985 certo
2184 3930 2443 3993 statuere,
2483 3927 2725 3983 fortasse
2761 3925 2854 3985 eli-

739 4017 920 4090 genda
957 4021 1041 4075 est
1078 4016 1353 4089 scriptura
1389 4018 1492 4089 πὰρ
1531 4019 1627 4087 μὲν
1652 4003 1875 4090 ’ὀπώρας
