3109 4859
1168 333 1555 400 -119—

288 513 598 600 gulorum
643 534 860 577 versus
906 514 1203 595 pedum“‚
1250 514 1334 577 ab
1381 511 1662 608 Hfomero
1708 534 1954 577 summa
2002 534 2157 576 cura
2203 512 2421 578 vitatis

292 666 371 674 —-
436 632 746 713 „excepto
802 630 962 713 pede
1019 629 1259 713 primo“
1319 665 1422 710 ——‚
1472 651 1621 693 usus
1667 630 1771 711 sifi,
1824 630 2008 693 docet
2055 629 2266 694 Kunst
2310 651 2422 712 pp.

291 746 514 812 75--7
525 747 585 810 6.

514 884 567 926 c,
661 862 883 927 Brevis
931 863 1167 927 vocalis
1213 863 1422 926 finalis
1468 862 1841 947 producitur
1887 862 1953 926 in
2001 863 2165 927 arsi:

513 979 580 1043 in
649 979 777 1043 arsi
847 979 1078 1044 altera:
1151 978 1292 1043 XV.
1367 980 1490 1043 145
1564 979 1628 1040 τὸ
1676 988 1907 1064 χρῆμα,
1955 977 2163 1043 XVII.
2217 980 2297 1043 75
2348 980 2422 1041 τὰ

285 1104 534 1178 πρώτας
582 1092 826 1160 XVIII.
876 1098 959 1160 56
1005 1114 1088 1157 κα
1134 1104 1360 1178 πρᾶτος
1394 1094 1442 1178 ¹)
1487 1095 1558 1159 in
1601 1098 1829 1179 quarta
1874 1095 2021 1159 arsi.

516 1211 672 1277 Cum
740 1211 862 1276 XV
921 1214 1046 1276 145
1096 1213 1160 1274 τὸ
1199 1220 1420 1296 ’χρῆμα
1468 1211 1678 1276 Kunst
1725 1211 1863 1293 (79)
1913 1201 2178 1275 contulit
2224 1211 2415 1276 Hom.

286 1329 409 1395 Od.
462 1328 547 1393 V.
599 1330 724 1393 215
774 1330 848 1391 τὰ
893 1326 1181 1412 χρήματ’.
1277 1328 1435 1393 Cum
1481 1329 1682 1392 altero
1730 1329 2021 1412 exemplo
2070 1332 2219 1412 apte
2268 1350 2419 1392 con-

284 1448 593 1511 feruntur
662 1447 735 1506 τὰ
803 1453 1008 1526 πρῶτα
1074 1443 1148 1509 ΙΙ.
1198 1443 1247 1509 Ι.
1301 1447 1360 1523 6,
1407 1443 1615 1509 XVII.
1669 1446 1815 1525 612,
1862 1442 2104 1509 XXIII.
2153 1445 2303 1525 275,
2356 1446 2419 1506 τὸ

285 1572 529 1645 πρῶτον
599 1559 675 1625 Il.
745 1560 859 1625 IV.
932 1561 1081 1640 267,
1153 1583 1294 1645 quae
1367 1562 1579 1626 omnia
1625 1562 1692 1625 in
1740 1562 1961 1627 eadem
2009 1583 2227 1626 versus
2273 1562 2422 1625 sede

288 1678 454 1761 (arsi
504 1676 594 1761 II)
643 1679 964 1762 leguntur.
1805 1737 1822 1756 .

516 1794 673 1859 Cum
740 1791 995 1858 XVIII.
1057 1795 1139 1858 56
1200 1813 1284 1854 κα
1331 1803 1554 1875 πρᾶτος
1602 1790 1748 1876 (IV)
1797 1795 2158 1859 conferatur
2204 1792 2321 1857 Od.
2369 1791 2420 1857 I.

288 1914 419 1977 257
500 1884 576 1973 ’τὰ
643 1908 824 1994 πρῶτ’
897 1909 1091 1994 (lv).·
1139 1947 1220 1955 -
1280 1908 1356 1973 111
1403 1910 1696 1975 omnibus
1744 1911 1982 1995 idynfis
2030 1909 2422 1975 Theocriteis

286 2051 419 2094 non
470 2028 616 2112 plus
664 2019 1008 2092 duodecim'
1046 2026 1312 2110 hujusce
1360 2026 1526 2091 modi
1578 2029 1828 2091 exstant
1861 2027 2175 2109 exempla.
2269 2024 2422 2089 Om-

286 2146 401 2209 nia
473 2143 610 2207 fere
681 2143 974 2227 exempla
1042 2142 1385 2207 Homerica
1443 2143 1511 2207 in
1558 2143 1805 2208 arsibus
1851 2141 2060 2226 prima
2108 2145 2171 2205 et
2218 2142 2421 2205 altera

290 2260 712 2326 inveniuntur
758 2258 998 2339 (Kunst
1050 2258 1181 2341 78).

514 2428 594 2495 B.
687 2428 773 2491 Et
842 2419 1051 2493 brevi's
1117 2429 1349 2492 vocalis
1396 2429 1726 2513 praemissa
1774 2431 1838 2492 et
1893 2429 2105 2509 „muta
2152 2448 2295 2490 eum
2341 2427 2420 2489 li-

293 2546 528 2631 quida“
586 2546 652 2608 in
699 2544 925 2638 mfediis
972 2545 1232 2610 vocibus
1280 2548 1566 2609 exstant:

515 2711 570 2751 a.
667 2686 926 2751 Venalis
974 2687 1343 2770 producitur
1388 2688 1458 2752 in
1502 2686 1705 2752 thesi:

512 2804 579 2867 in
625 2803 792 2868 thesi
823 2804 1063 2888 prima:
1111 2802 1253 2868 XV.
1289 2804 1368 2868 41
1407 2801 1640 2886 δάκρυ’,
1676 2805 1758 2870 80
1793 2801 1999 2877 πότνι’,
2038 2804 2162 2867 106
2197 2798 2419 2883 Κυπρι,

297 2924 427 2986 120
502 2917 818 3003 δεδμανθ’,
888 2918 1130 2983 XVIII.
1195 2921 1277 2983 24
1325 2922 1620 3001 τετράκις,
1671 2921 1751 2984 27
1801 2924 2029 2993 πότνια,
2077 2916 2285 3014 XVII.
2338 2920 2419 2983 18

294 3034 611 3121 δέδμηται,
663 3032 1038 3118 19ἑδριάει,
1090 3037 1167 3099 21
1217 3031 1470 3117 ἵδρυται,
1521 3039 1606 3101 33
1654 3031 1833 3109 ὅπλα,
1885 3038 1966 3101 35
2016 3033 2256 3117 ἔπρεπε,
2296 3036 2419 3100 125
2500 3029 2505 3044 ’

290 3148 552 3236 ἵδρυται,
601 3150 807 3216 XXII.
844 3154 926 3215 22
962 3155 1172 3239 φάτνῃ,
1209 3154 1291 3217 29
1326 3147 1662 3233 Βέβρυκας,
1700 3153 1781 3215 52
1818 3149 2036 3234 ἄκρων,
2075 3154 2156 3216 58
2193 3149 2418 3234 ἄγριος,

298 3271 381 3333 66
456 3271 795 3352 πυγμάχος,
871 3269 949 3332 77
1021 3268 1273 3356 κόχλου,
1325 3269 1406 3332 79
1455 3262 1848 3352 Μαγνήσσης,
1900 3268 1980 3331 85
2028 3261 2242 3350 ἰδρείῃ,
2295 3268 2419 3332 120

298 3379 554 3470 δοχμὸς,
606 3386 731 3448 128
783 3387 984 3467 μέχρι,
1038 3384 1160 3448 176
1211 3380 1536 3466 ὁπλοτέρω,
1589 3385 1715 3447 200
1763 3378 2153 3465 κεκλιμένοςς

344 3474 350 3479 1
513 3502 581 3565 in
627 3498 796 3564 thesi
843 3500 1144 3564 secunda:
1217 3499 1357 3564 XV.
1412 3502 1446 3564 7
1499 3497 1767 3581 ἄτρυτος,
1821 3499 1945 3563 128
1996 3502 2059 3562 ei:
2110 3500 2229 3562 131
2291 3494 2422 3559 Kb-

298 3638 459 3700 πρις,
530 3613 774 3681 XVIII.
848 3618 887 3680 3
958 3618 1315 3696 νεογράπτω,
1385 3619 1422 3680 8
1481 3615 1921 3698 περιπλέκτοις,
1975 3615 2057 3679 55
2107 3613 2418 3696 ἔγρεσθαι,

298 3732 507 3822 XVII.
581 3734 665 3798 36
738 3728 1004 3813 Κὺπρον,
1079 3732 1160 3797 80
1235 3726 1599 3813 ἀναβλὺζων,
1680 3733 1758 3795 91
1835 3728 2207 3805 ἐπιπλώοντι,
2292 3731 2419 3795 106

303 3844 572 3932 ἀχρεῖος,
647 3850 772 3913 118
843 3843 1240 3928 Ἀτρείδαισι,
1315 3849 1436 3913 127
1509 3848 2016 3931 περιπλομένοισι,
2079 3845 2286 3912 XXII.
2339 3847 2420 3911 14

521 4007 560 4079 ¹)
600 4010 717 4066 Hoc
755 4009 1066 4082 exemplum
1107 4026 1141 4065 a.
1179 4008 1415 4064 Kunstio
1452 4009 1770 4081 neglectum
1810 4010 1910 4064 est.
