3109 4859
1208 279 1419 347 „97
1476 317 1555 328 n-

326 443 463 525 cuni·
508 481 745 527 sanscr.
793 461 935 525 kam
984 465 1325 546 comparat.
1420 460 1599 526 Idem
1647 462 1831 526 docet
1874 460 1987 524 ’κᾶν
2034 460 2200 546 apud
2231 458 2435 526 Arca-

325 579 426 640 des
459 583 525 641 et
550 578 913 658 Dorienses,
945 598 1027 639 κα
1061 578 1226 660 apud
1260 577 1551 656 BoeotOS,
1586 578 1795 657 Eleos,
1831 578 2191 656 DorienseS,
2224 598 2435 640 κεν-κε

325 695 483 775 apud
535 693 902 773 Homerum,
951 694 1233 774 LesbiOS,
1281 691 1467 757 Iones
1520 694 1588 756 in
1643 716 1756 757 usu
1811 694 2026 760 fuisse.
2120 694 2229 759 Gfr
2275 694 2433 758 Ahr.

324 808 359 872 l.
426 832 479 873 c.
548 810 919 889 381--383,
985 809 1228 875 Gelbke
1279 810 1450 874 Curt.
1502 809 1678 875 Stud.
1728 807 1813 875 II.
1868 812 1967 890 12,
2019 810 2210 874 Allcn
2260 810 2433 875 Curt.

324 922 488 990 Stud.
564 922 683 990 III.
755 926 902 1000 219,
972 926 1238 1000 Meister
1308 925 1481 990 Gurt.
1549 926 1728 991 Stud.
1803 924 1915 991 IV.
1978 928 2106 991 370
2155 950 2309 1010 seq.‚
2360 926 2433 992 Gr.

323 1040 535 1124 Meyer
609 1043 713 1119 29,
784 1041 1045 1126 Brugm.
1111 1041 1364 1107 Griech.
1413 1041 1625 1106 Gram.
1679 1044 1800 1106 101
1852 1065 1983 1126 seq.
2039 1080 2113 1087 -—
2165 1043 2438 1127 Legitur

333 1161 527 1220 autem
578 1157 892 1240 particula
937 1177 1050 1222 m:
1100 1155 1158 1218 κ’
1212 1180 1271 1221 v.
1323 1159 1427 1235 26,
1476 1154 1609 1219 ὅκκ’
1660 1162 1767 1233 (--
1817 1153 1933 1219 ὅκα
1978 1157 2087 1239 κα)
2132 1182 2191 1223 v.
2246 1160 2391 1223 144.

522 1292 768 1375 Magna
839 1295 935 1355 est
1003 1293 1170 1355 inter
1247 1293 1515 1356 editores
1564 1293 1986 1356 controversia
2049 1294 2124 1356 de
2172 1293 2436 1357 molesto

317 1429 494 1471 versu
548 1410 667 1473 25:
720 1403 795 1468 ὧν
842 1405 989 1479 ἴδες,
1039 1403 1116 1468 ὧν
1166 1404 1327 1477 εἶπες
1373 1410 1478 1469 καὶ
1516 1409 1563 1490 ¹)
1610 1404 1810 1469 ἰδοῖσα
1859 1409 1922 1469 τὺ
1972 1418 2050 1489 τῷ
2099 1411 2180 1493 μὴ
2230 1404 2430 1471 ἰδόντι.

315 1521 642 1587 Fritzsche
693 1524 754 1586 in
805 1524 1207 1587 adnotatione
1257 1525 1337 1587 ad
1381 1522 1549 1587 hunc
1598 1525 1805 1588 locum
1844 1525 2224 1609 scripturam
2256 1525 2432 1588 illam

314 1638 655 1704 defendere
728 1642 990 1703 conatus
1051 1642 1165 1703 est.
1258 1639 1487 1706 Restat
1533 1644 1767 1720 tamen,
1818 1642 2068 1704 etiamsi
2119 1638 2283 1710 εἶπες
2328 1643 2432 1702 καὶ

312 1755 578 1819 retineri
651 1777 829 1837 posse
878 1755 1280 1820 concedimus
1329 1754 1633 1838 (Rumpel
1687 1735 1843 1820 13'7:
1927 1757 2280 1836 „interdum
2328 1759 2431 1820 καί

309 1868 512 1935 levius
587 1894 700 1934 nec
770 1872 859 1934 ita
928 1871 1080 1934 forti
1141 1874 1404 1934 accentu
1451 1871 1931 1954 pronuntiatum
1979 1874 2426 1938 concludendae

310 1988 773 2069 quodammodo
819 1987 1091 2050 orationi
1139 1990 1202 2049 et
1240 1987 1341 2049 rei
1388 2009 1503 2070 per
1548 2010 1684 2050 sese
1717 1988 1925 2070 planae
1970 2011 2042 2051 ac
2076 1990 2430 2053 manifestae

309 2103 666 2167 indicandae
737 2103 798 2165 in
871 2125 1154 2166 sermone
1225 2103 1591 2185 quotidiano
1661 2103 2014 2186 inservit“)‚
2086 2105 2151 2167 in
2198 2081 2474 2169 iterato*

311 2219 580 2283 relativo
626 2214 704 2279 ὧν
754 2219 1088 2282 difficultas
1145 2220 1420 2281 nondum
1468 2220 1622 2281 satis
1670 2220 1893 2284 soluta.
1986 2218 2211 2302 Neque
2260 2221 2428 2283 enim

312 2340 462 2416 puto
513 2335 899 2398 Ahrensium
944 2331 1094 2418 ἡνίδ’
1145 2331 1292 2412 ἐγών
1339 2335 1453 2415 (=
1494 2344 1786 2419 prompta
1817 2337 2003 2415 sum).
2101 2333 2296 2405 εἴπαις
2325 2356 2429 2397 κεν

310 2452 754 2535 conjicientem
802 2451 1142 2536 genuinam
1193 2452 1543 2514 restituisse
1592 2452 1949 2515 lectionem.
2057 2531 2060 2536 Ι

526 2582 923 2648 Vocabulum
1007 2584 1172 2665 quod
1253 2588 1349 2646 est
1419 2585 1521 2668 μᾶ’
1574 2586 1878 2669 scriptum
1948 2589 2156 2650 exstat
2223 2609 2281 2651 v.
2344 2587 2426 2651 89

309 2699 812 2785 indignationem
871 2700 1186 2781 loquentis
1241 2700 1629 2783 significans,
1724 2701 1916 2783 Cujus
1966 2702 2200 2766 voculae
2248 2704 2427 2786 origo

304 2818 476 2880 unde
525 2817 800 2899 petenda
846 2816 948 2894 sit,
996 2815 1277 2880 nondum
1322 2815 1543 2898 liquet.
1637 2816 1809 2901 Pape
1857 2817 2047 2882 Lex.:
2118 2827 2240 2900 ,μᾶ
2286 2818 2423 2882 aeol.

305 2953 363 2995 u.
417 2934 555 2996 dor.
608 2961 688 2984 =
738 2933 999 3016 μήτηρ“,
1048 2953 1317 3015 quocum
1374 2932 1687 2996 consentit
1731 2931 1890 2996 Ahr.
1940 2933 1982 2996 l.
2032 2955 2084 2996 c.
2134 2933 2424 2997 Addend.

309 3049 475 3112 567:
558 3047 764 3126 „Bene
836 3047 1298 3113 Valckenarius
1370 3048 1760 3132 comparavit
1828 3045 2113 3132 Δάματερ
2156 3049 2313 3112 -item
2360 3050 2424 3113 in

307 3163 820 3246 interjectionem
889 3186 1161 3227 versum.
1258 3162 1552 3226 Ceterum
1625 3172 1712 3246 μᾶ
1781 3185 1923 3227 cum
1971 3172 2124 3247 μαῖα
2171 3187 2425 3248 compa·
2535 3205 2541 3212 ·

310 3280 579 3343 randum
649 3282 745 3341 est
813 3283 882 3341 ut
952 3288 1028 3357 γᾶ
1099 3302 1240 3343 cum
1289 3268 1495 3357 γαῖα“.
1594 3279 1703 3342 Cfr
1749 3278 1824 3342 R.
1875 3279 2200 3344 Fritzsche
2250 3281 2422 3345 Ourt.

309 3392 488 3459 Stud.
535 3392 649 3459 VI.
701 3395 846 3457 285.
902 3430 978 3439 -—
1032 3394 1113 3458 H.
1163 3394 1489 3458 Fritzsche
1538 3396 1615 3457 ad
1663 3393 1829 3458 hunc
1877 3394 2120 3460 locum:
2194 3393 2428 3477 ,Συρα-

309 3514 511 3571 κόσιον
582 3512 645 3572 τὸ
716 3519 802 3592 μᾶ
872 3506 967 3569 ἐπὶ
1038 3505 1506 3594 ἀγανακτήσεωζ
1566 3509 1906 3593 λεγόμενον.
2001 3511 2141 3575 Hoc
2188 3512 2424 3576 scholio

648 3682 729 3689 ——-

530 3776 567 3843 ¹)
609 3770 678 3829 ὧν
719 3769 856 3836 εἶπες
909 3775 997 3826 καὶ
1049 3795 1103 3845 p.
1141 3776 1195 3831 k.
1236 3777 1404 3846 Ziegl.
1465 3778 1549 3831 Fr.
1599 3779 1834 3847 Rumpel
1875 3770 1944 3828 ὧν
1985 3769 2133 3836 εἶπας
2169 3776 2258 3827 καὶ
2296 3796 2340 3831 e.
2381 3796 2420 3830 s.

313 3856 441 3932 χ’ὧν
500 3861 648 3935 (χ’ὦν
705 3867 870 3933 lunt.)
929 3858 1078 3925 εἶπας
1127 3858 1244 3920 sine
1281 3865 1369 3915 καὶ
1408 3868 1557 3936 vulg.
1598 3868 1778 3921 Schol.
1817 3864 2116 3937 διηγήσατο
2158 3863 2239 3927 ἄν,
2277 3867 2422 3920 unde

312 3952 481 4025 Toup.
521 3951 688 4016 εἴπαις
729 3954 809 4017 ἄν,
848 3957 1082 4010 Brunck.
1122 3956 1252 4009 Ahr.
1293 3955 1457 4009 Mein.
1499 3956 1609 4009 Hil.
1651 3953 1818 4016 εἴπαις
1857 3974 1961 4007 κεν.

2141 4064 2170 4120 7
