3109 4859
1241 373 1590 438 „934

347 556 547 621 bendi
617 556 800 620 ratio.
893 548 1111 636 καίπερ
1180 576 1305 617 uno
1375 554 1572 618 verbo
1634 553 1938 635 scriptum
1986 550 2181 616 semel
2224 554 2473 616 tantum

345 673 523 756 apud
571 671 925 736 Homerum
973 668 1114 748 (Od.
1164 666 1313 734 VII.
1363 670 1519 752 224)
1569 668 1909 734 invenitur.
2031 703 2036 707 ·

1294 909 1535 975 XXIII.

1009 1083 1014 1088 ·
1147 1054 1248 1121 De
1299 1051 1688 1122 adverbiis,

1228 1223 1303 1288 In
1350 1226 1435 1290 id.
1483 1224 1645 1290 XV.'

572 1369 658 1436 A.
750 1369 957 1434 Valde
1028 1368 1301 1432 difficilis
1372 1372 1467 1433 est
1512 1368 1780 1453 quaestio
1829 1369 1904 1432 de
1967 1368 2148 1432 advv.
2197 1369 2365 1432 modi
2415 1372 2478 1432 et

349 1487 484 1551 loci
533 1486 744 1551 dorice
789 1487 857 1549 in
904 1495 992 1546 -εῐ
1036 1484 1138 1550 vel
1185 1494 1261 1546 -ᾱ
1307 1470 1725 1567 (01t)'ion.-att.
1775 1506 1845 1570 -η
1894 1484 1986 1567 (ῃ)
2021 1484 2476 1549 desinentibus„

350 1602 520 1667 Ahr.
568 1602 612 1668 l.
661 1624 713 1667 c.
766 1603 891 1668 135
941 1601 1243 1665 adverbia
1302 1601 1493 1685 vulgo
1540 1601 1607 1664 in
1653 1622 1692 1686 η
1741 1602 1873 1664 dor.
1923 1600 1990 1664 in
2039 1621 2079 1661 α
2125 1601 2480 1665 desinentia

354 1721 545 1783 modo
593 1720 789 1782 locum
836 1721 905 1782 in
952 1740 1126 1803 quem
1174 1716 1536 1802 significare
1585 1717 1770 1781 modo
1818 1719 2140 1807 rationem,
2189 1738 2313 1802 qua
2359 1718 2478 1781 ali-

353 1814 517 1921 'quid
580 1834 713 1917 fiat,
787 1835 959 1899 dicit.
1055 1833 1331 1899 Uberius
1401 1834 1477 1897 de
1545 1832 1646 1896 his
1696 1833 1877 1897 advv.
1930 1834 1973 1896 1.
2024 1855 2076 1897 c.
2128 1833 2471 1898 361--371

355 1952 665 2035 disputat.
756 1950 828 2016 P.
878 1952 1045 2016 361:
1114 1949 1474 2029 „Adverbia
1522 1949 1721 2012 locum
1767 1948 1874 2012 ubi
1918 1949 2266 2013 indicantia
2311 1950 2479 2033 apud

353 2067 704 2132 Dorienses
775 2068 840 2130 in
910 2088 963 2127 ει
1034 2066 1509 2130 circumflexum
1573 2065 1746 2129 exire
1794 2065 2199 2149 grammatici
2244 2087 2478 2150 magno

357 2205 672 2247 consensu
741 2183 1121 2250 affirmanff.
1191 2181 1309 2249 G..
1351 2182 1582 2266 Meyer
1652 2183 1772 2246 341
1843 2202 1972 2264 seq.
2024 2181 2204 2247 docet
2251 2182 2480 2246 doricae

357 2299 620 2363 dialecti
691 2298 994 2363 adverbia
1060 2299 1187 2363 loci
1255 2321 1371 2383 per
1431 2317 1516 2359 -ει
1566 2297 1862 2361 exeuntia
1909 2297 2083 2361 velut
2127 2306 2244 2370 πεῖ,
2295 2291 2479 2371 αὔτεῖ,

361 2414 528 2477 τεῐδε
574 2419 722 2480 cett.
772 2415 1071 2498 reliquias
1120 2437 1254 2478 esse
1298 2415 1529 2478 veteris
1586 2436 1766 2478 casus
1820 2412 2080 2478 locativi
2113 2415 2182 2481 et.
2208 2435 2315 2497 pp.
2350 2413 2478 2477 364

358 2554 495 2615 seq.
546 2531 846 2596 adverbia
892 2531 1062 2594 modi
1110 2533 1175 2593 et
1220 2530 1347 2594 loci
1392 2532 1458 2594 in
1507 2532 1639 2595 dor.
1692 2551 1751 2603 α,
1799 2530 2075 2594 ione-att.
2117 2550 2156 2614 η
2190 2530 2482 2593 desinen-

359 2648 456 2713 tia
502 2647 676 2712 velut
723 2656 827 2720 πᾶ,
877 2645 1041 2719 τᾶδε,
1103 2656 1316 2719 παντᾶ,
1365 2656 1568 2720 ταυτᾱ,
1622 2640 1776 2707 αὒτᾶ
1822 2667 1937 2729 pro
1982 2650 2197 2710 vetere
2245 2645 2481 2709 instru-

359 2764 629 2827 mentali
699 2785 847 2827 casu
917 2762 1213 2846 stirpium
1282 2784 1397 2844 per
1466 2781 1507 2823 α
1580 2763 1946 2826 exeuntium
2003 2761 2298 2825 habenda
2345 2783 2481 2825 esse

365 2879 496 2961 (cfr
563 2882 800 2963 supra).
902 2878 1069 2959 „Das
1134 2900 1151 2939 ι
1197 2881 1784 2961 προσγεγραμμένον,
1833 2878 1951 2941 mit
1998 2877 2142 2941 dem
2186 2877 2276 2940 sie
2325 2878 2482 2942 viel-

362 2993 535 3072 fach,
604 3018 787 3060 wenn
856 2995 1019 3059 auch
1089 2994 1253 3059 ohne
1325 2993 1750 3076 Consequenz‚
1812 2994 2011 3058 selbst
2056 2992 2482 3057 inschriftlich

361 3111 739 3177 iiberliefert
785 3112 944 3190 sind,
993 3111 1107 3175 hat
1150 3110 1331 3175 nicht
1380 3109 1560 3173 mehr
1590 3109 1973 3193 Bedeutung
2006 3109 2098 3173 als
2132 3109 2480 3194 dasjenige‚
2520 3091 2527 3098 ’

361 3228 638 3294 welches
709 3249 857 3291 man
916 3229 1039 3292 den
1085 3227 1697 3293 Ablativadverbien
1743 3226 1858 3290 auf
1898 3248 1978 3286 -ω
2022 3224 2300 3289 vielfach
2347 3226 2483 3289 bei-

366 3343 601 3429 geffigt
668 3342 801 3422 hat,
861 3344 990 3407 und
1037 3343 1271 3408 beruht
1318 3342 1433 3406 auf
1473 3342 1650 3406 einer
1695 3340 2182 3427 irrthiimli-chen
2229 3341 2484 3405 Auffas-

251 3529 262 3536 ,
366 3481 533 3545 sung
592 3459 800 3523 dieser
855 3456 1348 3524 Instrumentale
1397 3460 1490 3523 als
1535 3457 1869 3523 weibliche
1916 3456 2215 3536 Dative“.
2306 3455 2484 3520 Idem

366 3574 565 3640 sentit
630 3574 947 3640 Schrader
1007 3574 1179 3639 Curt.
1227 3574 1406 3639 Stud.
1458 3574 1537 3639 X.
1568 3545 1714 3639 '290
1762 3594 1914 3656 seq„
1964 3573 2072 3657 qui
2120 3572 2484 3637 huc-etiam
2618 3617 2621 3618 ν
2736 3585 2737 3588 ’

367 3690 592 3756 retulit
659 3689 754 3776 δή,
816 3688 985 3776 ἤ-δη,
1037 3687 1264 3775 ἐπειδή,
1315 3695 1418 3775 μή.
1512 3690 1906 3774 Quamquam
1954 3688 2113 3753 Ahr.
2159 3689 2200 3753 l.
2253 3711 2305 3754 c.
2355 3689 2482 3754 364

379 3806 554 3888 „haec
621 3806 952 3872 severioris
1023 3806 1282 3871 Doridis
1353 3807 1655 3884 adverbia
1723 3806 1956 3869 rectius
2024 3805 2154 3869 iota
2224 3805 2474 3869 carere“

366 3923 636 4003 monuit,
682 3926 896 3987 tamen
943 3924 1010 3987 in
1058 3923 1391 3987 editionem
1447 3944 1463 3983 ι
1510 3925 1748 3988 subscr.
1784 3921 2058 3986 admisit.
2151 3920 2388 3988 Morsb.
2423 3924 2487 3985 et

332 4039 537 4126 Edd,
589 4060 606 4099 ι
651 4041 887 4106 subscr.
948 4041 1364 4120 retinuerunt,
1430 4039 1694 4125 Brugm.
1742 4039 1783 4102 l.
1834 4061 1886 4103 c.
1938 4038 2218 4117 59--60‚
2271 4038 2484 4102 112-—
